2824 4838
211 283 291 349 ’44
398 329 406 358 ι

241 461 280 550 λι)
298 470 464 551 θεωρεῖται
484 469 543 532 τῶν
566 461 815 551 συμβεβηκότων·
836 467 960 540 εἰκότως
980 457 1042 548 ἄρα
1062 463 1125 546 πρό
1144 467 1202 528 τοῦ
1218 463 1337 529 ’ἀποίου

241 573 379 658 σώματος
398 572 434 641 τὸ
455 577 662 656 πεποιωμένον
682 576 857 654 τιθέμεθα,
888 577 940 638 καί
962 568 1014 639 διό
1043 576 1133 638 τοῦτο
1160 568 1193 638 όν
1215 575 1338 655 αἰσθηι

241 677 293 746 τόν
313 677 373 766 ἤδη
394 685 445 746 καί
476 681 491 744 ὃ
516 679 695 764 φαινόμενος
723 674 775 744 όδε
796 676 918 762 κόσμος.
951 679 1031 746 Ἀλλ’
1058 682 1125 746 ἐπεὶ
1135 681 1208 744 *τῶν
1233 675 1338 744 τοιοῦ-

241 813 300 854 των
313 789 342 864 ⁶)
362 787 395 853 δὲ
415 785 579 871 σωμάτων,
602 783 642 851 τόν
667 786 722 869 μὲν
751 785 883 852 ἔνδοθεν
912 790 972 873 ἔχει
1001 785 1039 852 τό
1069 785 1216 867 διοικοῦν,
1243 781 1282 852 τότ
1304 785 1339 851 δὲ

242 899 371 976 έξωθεν,
389 889 489 978 όόσπερ
509 895 547 960 τό
569 895 715 981 τεχνητὰ,
747 892 865 960 δεῖκαὶ
886 891 942 980 τὴν
962 894 1054 978 φόσιν
1074 905 1278 978 προςεννοείν,
1300 889 1341 970 ἰός

243 1033 273 1070 τι
295 1017 430 1093 κρεῖττον
452 993 552 1070 οῦσαν
572 1008 634 1068 τῶν
655 1004 832 1086 ποιοτήτων,
856 1006 889 1068 έν
910 1009 1009 1080 αἰτίας
1029 1001 1114 1078 τέξει
1134 1008 1340 1089 προτεταγμέ-

243 1138 314 1191 νον,
335 1107 374 1188 όίς
394 1105 453 1196 την
479 1115 584 1196 τέχνην
611 1114 671 1176 τιῦν
703 1113 865 1196 τηχνητιῦν.
909 1107 1003 1178 ’Λλλόι
1030 1113 1081 1176 καί
1113 1114 1173 1176 νῦν
1206 1110 1341 1177 ένδοθεν

243 1217 460 1303 διοικουμένων
480 1214 520 1284 τόι
540 1218 593 1301 μὲν
613 1216 692 1282 εἶναι
712 1215 807 1301 μόνον
828 1215 927 1282 δοκεῖ·
950 1216 989 1282 τό
1007 1218 1082 1294 δὲί)
1103 1221 1274 1304 τρέφεσθαι
1287 1219 1341 1284 καί

152 1307 156 1316 ’
245 1323 348 1406 αόξενν
368 1329 419 1414 καί
439 1323 477 1390 τό
499 1315 590 1411 ῦμοια
611 1329 733 1409 μεννῦν.
758 1328 841 1390 ἔστιν
862 1321 992 1409 ῦρατιῖς
1013 1332 1097 1410 αἰτία
1116 1329 1167 1391 καί
1183 1323 1264 1411 ἄλλη
1278 1319 1342 1414 πρό

244 1434 299 1516 τῆς
320 1433 475 1518 εἰρημένης
496 1429 621 1515 φύσεως,
641 1430 661 1514 ἡ
685 1425 796 1513 φυτικι)
821 1423 901 1516 αῦτη
922 1427 1068 1515 δυ’ναμις.
1091 1428 1222 1514 φανερόν
1242 1431 1276 1498 δὲ
1289 1425 1340 1499 ὅτι

244 1542 345 1606 πάντα
366 1533 423 1606 ’όσα
443 1541 485 1623 τῷ
507 1535 621 1622 σώματι
637 1541 802 1622 ἐπιγίνεται
822 1542 1087 1623 προῦποκειμένῳ,
1107 1535 1251 1622 ἀσόματέ
1272 1541 1341 1604 ἐστι

244 1648 322 1728 καθ’
346 1645 453 1722 ἑαυτό,
475 1652 503 1712 εἰ
524 1648 576 1712 καί
597 1645 785 1729 σωματοειδῆ
807 1652 922 1730 γίνεται
943 1645 1020 1710 κατὰ
1039 1649 1166 1730 μέθεξιν
1184 1649 1241 1712 τοῦ
1261 1641 1339 1733 ένῷ

244 1758 339 1834 ἐστιν,
366 1754 406 1830 ὡς
434 1749 525 1819 ὑλικόν
542 1752 662 1839 λέγεταί
683 1777 715 1817 τε
742 1753 794 1818 καί
821 1754 887 1844 ἐστὶ
915 1749 994 1817 κατὰ
1019 1748 1078 1836 τόν
1106 1750 1167 1818 ἆπό
1189 1757 1243 1838 τῆς
1262 1747 1340 1840 ῦλης

245 1861 453 1946 πεπόνθασιν·
475 1863 527 1926 καὶ
548 1866 582 1925 αἰ
603 1861 764 1944 ποιότητες
783 1855 857 1944 δρα,
884 1862 935 1926 καί
956 1865 990 1924 αἰ
1011 1857 1120 1942 φῦσεις
1145 1865 1191 1927 έτι
1213 1861 1339 1945 μᾶλλον,

173 2029 176 2034 .
245 1972 297 2032 καί
317 1971 364 2032 έτι
383 1973 486 2052 μέντοι
505 1963 648 2052 μειζόνως
668 1967 688 2051 ἡ
713 1961 823 2051 φυτικὴ
851 1963 910 2052 ζωὴ
933 1963 968 2031 τό
989 1965 1149 2051 ἀσώματον
1169 1969 1338 2046 διασώζου-

171 2131 172 2134 ,
247 2099 278 2138 σι
292 2076 322 2147 8)
341 2077 418 2138 καθ’
439 2075 557 2146 ἑαυτάς.

324 2181 407 2264 Ἀλλ’
428 2183 495 2248 ἐπεὶ
515 2183 567 2246 καί
588 2179 683 2276 ἄλλην
708 2184 729 2267 ἡ
755 2184 905 2266 αἴσθησις
924 2182 1118 2248 ἇποδείκνυσι
1130 2187 1159 2260 ¹)
1181 2191 1341 2268 τρανεστέ-

206 2322 211 2335 ¹
246 2314 303 2374 ραν
324 2280 403 2374 ζωὴν
423 2292 484 2355 τῶν
504 2285 582 2354 κατὰ
601 2285 657 2374 τὴν
678 2284 772 2375 ὁρμὴν
793 2287 853 2375 ἤδη
875 2292 926 2356 καὶ
944 2289 1040 2356 τόπον
1055 2295 1248 2376 κινουμένων,
1267 2293 1342 2360 ταῦ.
1380 2302 1382 2306 ’

248 2421 303 2481 την
324 2395 384 2479 πρό
404 2398 518 2479 ἐκείνης
540 2399 659 2474 θετέον,
681 2395 720 2470 ὡς
740 2401 923 2481 κυριωτέραν
944 2396 1035 2485 ἀρχὴν
1054 2402 1106 2463 καί
1127 2400 1166 2474 ὡς
1187 2398 1342 2484 ἃμείνονός

248 2529 331 2579 τινος
350 2502 452 2580 εἴδους
468 2495 597 2588 χορηγόν
617 2501 674 2568 τοῦ
695 2499 895 2590 αὐτοκινήτου
914 2502 992 2586 ζόου
1006 2503 1236 2591 προτερεόοντος
1250 2506 1343 2592 φύσει

151 2643 154 2652 ⁴
247 2612 307 2678 τοῦ
328 2609 405 2676 κατό
426 2611 480 2696 γῆς
500 2611 698 2696 ἕρριζωμένου
719 2614 837 2694 φυτοῦ.
859 2612 909 2676 καί
931 2612 990 2700 μην
1010 2610 1045 2679 τὸ
1067 2617 1154 2694 ζῶον,
1180 2615 1234 2681 οῦκ
1254 2615 1343 2704 ἄκρι-

247 2723 310 2806 βῦς
331 2718 546 2804 αῦτοκόνητον·
568 2719 605 2784 οῦ
629 2713 685 2805 ηόιρ
705 2712 777 2784 όλον
799 2717 840 2784 δι’
861 2712 936 2785 όλου
957 2725 1113 2801 τοιοῦτον,
1144 2720 1223 2788 ἄλλό
1249 2727 1344 2809 μέρος

168 2903 171 2914 s
248 2830 303 2914 μὲν
332 2824 410 2893 αῦτό
434 2837 511 2892 κινεί
536 2835 584 2906 ἓν,
609 2830 697 2915 μέρος
724 2825 758 2892 δὲ
785 2839 928 2908 κινεῖται,
964 2831 1142 2912 φαινόμενον
1167 2828 1225 2914 ῦρα
1247 2835 1345 2900 τοῦτό

249 2939 332 3001 ἐστιν
348 2932 569 3019 αὐτοκίνητον·
590 2930 638 2999 δεῖ
659 2929 718 3020 ῦρα
737 2929 797 3020 πρό
818 2933 913 3001 αῦτοῦ
932 2933 1011 3000 εἶναι
1023 2933 1067 3000 Ιτό
1089 2934 1217 3022 ῦληθιῦς
1232 2939 1261 3016 ²)
1283 2941 1344 3006 αῦ-

248 3048 428 3126 τοκίνητον,
460 3032 478 3106 ’ό
500 3044 575 3106 καθ’
596 3034 669 3106 όλον
688 3035 780 3106 ἑαυτό
809 3045 912 3107 κινοῦν
932 3045 996 3106 ἐστι
1015 3043 1067 3106 καί
1087 3041 1268 3127 κινούμενον,
1289 3051 1345 3116 ἵνα

249 3147 360 3216 τοῦτου
389 3148 514 3216 εἴδωλον
543 3138 563 3241 ᾖ
590 3144 627 3213 τό
653 3149 844 3232 φαινόμενον.
887 3149 953 3215 Καὶ
988 3143 1027 3231 δι)
1052 3148 1107 3223 τόν
1136 3155 1279 3218 κινοῦσαν
1304 3155 1345 3222 τό

249 3261 337 3341 στῦμα
358 3253 458 3342 ψυχὴν
480 3257 662 3340 κυριωτέραν
680 3256 794 3320 θετέον
815 3252 1015 3342 αὐτοκίνητον
1036 3254 1160 3324 οὐσίαν.
1186 3255 1275 3348 διττοὶ
1286 3261 1347 3344 μὲν

249 3358 341 3449 αῦτη·
363 3366 450 3450 ἡμὲν
466 3359 582 3449 λογικός,
600 3363 621 3448 ἡ
642 3361 675 3427 δὲ
690 3358 820 3448 ἄλογος.
843 3356 893 3429 ότι
912 3359 967 3451 γὰρ
988 3361 1039 3430 κατ’
1057 3361 1112 3450 τήν
1129 3363 1346 3452 λομικὴνῦπα·

318 3572 349 3638 6)
367 3571 442 3624 Mon.
462 3570 491 3622 δὲ
508 3582 574 3642 ροσε
591 3568 718 3623 τοιοῦτον
735 3584 789 3622 non
807 3567 910 3636 habet3
937 3569 1119 3624 inducendum
1138 3571 1253 3626 videtur.

239 3643 242 3648 ’
319 3647 347 3711 7)
366 3643 441 3694 Μοο,
459 3640 493 3691 τὰ
512 3641 540 3692 δὲ
558 3641 602 3692 καί
619 3659 659 3710 τρ.
680 3667 711 3678 -
726 3637 756 3704 8)
775 3637 848 3691 Idem
867 3637 992 3701 διάξουσι.

321 3736 347 3792 ι)
366 3733 441 3784 Mon.
461 3731 590 3784 ῦποδεικν.
607 3730 724 3798 rec'tius3
754 3741 779 3782 et
802 3728 867 3781 κατὰ
892 3729 974 3799 ὁρμὴν
980 3753 992 3792 ,·
1018 3729 1081 3783 dein
1108 3731 1142 3792 ὥς
1173 3746 1232 3787 ante
1257 3733 1348 3804 ῦμειν.

250 3821 304 3857 om.
325 3802 410 3860 εἴδους
427 3818 482 3852 non
499 3801 596 3869 hubet3
625 3816 677 3870 pro
699 3799 814 3869 χορηγὸν
830 3799 896 3871 legit
919 3797 1064 3870 δχορημὸνς
1089 3801 1116 3851 iu
1134 3819 1219 3874 marg.
1245 3817 1349 3860 notat:

249 3873 418 3938 αὐτοκίνητον
435 3870 468 3922 τὸ
485 3871 564 3932 ζῶον·
583 3868 630 3936 οὔχ
647 3867 707 3921 ὅλον
726 3869 759 3920 δι’
780 3867 850 3920 ὅλου.
880 3869 978 3922 Hamb.
998 3867 1110 3940 scripsit
1126 3872 1349 3942 πρωτερεῦοντος..

250 3943 374 3996 Ceterum
393 3940 427 3992 εδ
441 3941 495 3991 hoc
508 3952 534 3992 et
546 3938 676 4007 deinceps
692 3955 754 4009 sqq.
770 3953 850 4010 capp.
873 3938 909 3990 cf.
929 3937 1081 3990 Herennius
1099 3938 1170 3991 infra
1184 3942 1219 3992 ad
1229 3955 1291 4022 cap.
1302 3959 1350 4002 τε,

319 4015 347 4074 ο)
368 4011 443 4062 Mon.
462 4007 490 4059 in
510 4021 581 4061 textu
600 4007 668 4079 legit
685 4007 814 4076 (itemque
833 4006 998 4074 Herennius)
1023 4006 1055 4058 τὸ
1080 4006 1231 4074 ἀληθινὸνς
1261 4029 1290 4062 ιο
1310 4032 1353 4069 m.

252 4080 402 4154 corrigitur
420 4078 530 4144 ἀληθῶς
550 4076 719 4142 αὐτοκίνητον
743 4087 806 4130 nota
834 4076 958 4144 adjecta,
986 4076 1061 4146 quod
1085 4077 1220 4164 ηἰοιοευιε
1236 4079 1356 4138 videtur

250 4151 329 4204 istius
349 4148 487 4215 ἀληθινόν.
514 4147 628 4220 insuper
647 4145 674 4200 in
693 4161 777 4217 marg.
797 4157 884 4202 notat:
906 4145 1074 4213 ιιῦτοκίνητος
1090 4167 1107 4214 η
1124 4147 1195 4216 ψυχή
1213 4152 1316 4220 κυρίως.

470 4249 481 4272 1
