2798 4834
1077 256 1149 339 ινφ
1234 352 1239 364 Ι

58 436 99 516 ἃς
119 438 223 523 έφοξῆς
242 439 297 517 τὰς
316 442 510 528 μιτιχομένας
529 439 591 508 ὓπό
614 438 729 509 ούσιῶν
746 440 800 506 καί
821 435 903 518 ζύων
922 438 973 505 καί
988 440 1074 518 κύων,
1094 437 1149 504 ιιαέ

56 552 182 634 ψυχῶν,
212 550 265 615 καί
285 549 493 634 σωματοειδῶν
516 555 652 635 φυσικῶν
678 549 777 618 εἱδῶν.
824 547 904 618 Ἀλλ’
933 547 949 614 ὅ
978 547 1148 614 Πλάτων

57 655 137 741 μετὰ
157 656 193 722 τὸ
214 653 387 745 ἀδιάκριτον
409 654 546 766 ⁰132ng
572 655 646 736 τούς
670 656 727 726 δύο
749 665 869 747 στίχους
888 656 1060 742 ῶντέθὴκιν
1086 662 1147 722 τῶν

56 769 220 849 μεθικτῶν
239 765 369 846 ἕνόδων,
401 773 455 833 καί
476 771 535 833 τῶν
558 769 716 852 μεθεκτῶν
736 765 857 844 οὖσιῶν,
886 765 937 829 καί
954 758 1031 840 ’ύλως
1051 769 1147 830 εἰπείν

56 871 265 939 ύποστιίσεων·
301 864 401 950 ’Όλως
421 874 455 942 δὲ
475 880 502 941 εί
522 872 582 942 ῶπύ
603 875 661 941 τοῦ
683 873 788 950 ἁπλῶς
802 870 891 948 Ἑνδς
909 871 1030 957 ἀληθὲς
1049 876 1145 938 εἰπεῖν

55 978 166 1048 διττόν
186 978 383 1066 παράγεσθαι
404 983 544 1071 πλῆθος,
563 983 604 1060 ῶς
623 977 685 1048 ἀπὸ
705 985 761 1068 τ-ἡς
779 980 885 1058 ἁπλῶς
902 981 1008 1054 οὐσίας
1024 981 1075 1046 καί
1091 983 1146 1065 τὴς

56 1089 165 1166 ἅπλῶς
188 1092 263 1172 ζωῆς
282 1093 335 1158 καί
355 1089 411 1160 τοῦ
433 1092 538 1170 ἅπλῶς
557 1093 612 1158 νοῦ
627 1093 681 1158 καί
691 1098 745 1176 τῆς
757 1091 860 1167 ἁπλῶς
876 1096 904 1156 εί
917 1089 1022 1179 βούλει
1034 1092 1145 1182 φυχῆς,

56 1195 91 1264 τό
113 1199 169 1284 μέν
191 1197 378 1283 ιἰμέθσκτον,
411 1198 445 1266 τὸ
467 1183 502 1266 δὲ
521 1197 671 1283 μσθεκτόν
682 1248 691 1279 ,
712 1201 778 1276 πῶς
798 1198 834 1264 δὲ
853 1197 911 1267 ούκ
931 1195 972 1266 ίίν
992 1197 1078 1282 λέχοι
1096 1223 1145 1274 τις

6 1351 9 1372 .
53 1310 87 1372 ἐν
108 1305 194 1402 δίνῃ,
215 1307 325 1390 σαφὲς,
346 1300 394 1374 ότι
414 1309 466 1374 καὶ
486 1304 546 1373 ἀπὸ
561 1310 619 1372 τοῦ
632 1306 735 1384 ἁπλῶς
746 1306 901 1393 ἡνωμένον
916 1299 1020 1371 διττόν
1037 1317 1144 1388 φανεῖ-

53 1441 110 1482 ται
129 1415 259 1502 πλῆθος
275 1415 448 1502 ἡνωμένον,
469 1413 506 1482 τό
525 1416 580 1499 μὲν
602 1413 788 1499 ἇμέθσκτον,
809 1415 861 1480 καί
882 1412 921 1480 ού
940 1439 1145 1499 συμπαρατιι·

55 1523 183 1608 νόμενον
203 1534 268 1599 τοῖς
284 1528 459 1610 μετέχουσιν
478 1529 533 1601 ἕως
552 1527 611 1590 τῶν
632 1515 794 1610 δχκοομίων
815 1523 896 1601 ζώων
902 1569 912 1602 ,
937 1517 1025 1588 τόδὲ
1045 1508 1144 1605 μεθσ·

53 1626 216 1718 κτίννύίχρι
235 1628 351 1698 τούτων
358 1680 371 1712 ,,
397 1628 543 1717 καθάπερ
562 1635 621 1697 τῶν
643 1621 720 1698 ύλων
740 1635 880 1720 ἕκαστον,
915 1622 991 1696 ίύστο
1010 1635 1143 1714 νίχνεται

53 1743 107 1807 καί
129 1739 188 1807 coil
202 1741 359 1829 ἡνωμένον
379 1741 509 1831 πρόοδος
529 1745 584 1822 ἔξω
609 1737 685 1810 κατέ
710 1739 750 1808 w*
772 1744 843 1808 εἴσω
869 1736 971 1808 πολλὰ
997 1743 1058 1806 τῶν
1085 1741 1142 1818 ἔξω

53 1846 124 1934 διχὴ
144 1851 318 1936 προϊόντων.

137 1985 179 2048 Εί
199 1979 233 2047 δέ
253 1983 345 2066 θέμις
366 1981 555 2068 ῶπσροῶντας
574 1981 625 2046 καί
646 1981 788 2068 περὶτοῦ
808 1979 910 2056 ἅπλῶς
929 1981 980 2045 καὶ
1000 1976 1142 2062 ύπὲρτοῦ
1158 1979 1224 2106 ξξξ·

52 2085 209 2174 ἡνωμένον
230 2085 296 2164 ἑνὸς
318 2088 356 2155 τὰ
382 2088 461 2157 αὐτοί
484 2089 738 2175 συλλοχίζεσθαι,
767 2083 841 2174 τύχα
868 2083 907 2154 ίίν
931 2088 978 2173 εἴη
1000 2089 1051 2152 καί
1072 2086 1142 2171 περὶ
1215 2073 1223 2090 ’

53 2200 173 2263 ἐκείνου
194 2192 232 2262 τῶ
253 2192 333 2262 αὐτὰ
352 2196 519 2280 διαπορῶν.
556 2193 618 2266 Διό
631 2203 662 2262 τί
674 2197 730 2282 χίιρ
744 2195 801 2263 ούκ
815 2199 879 2262 ἔστι
893 2196 944 2261 καί
959 2195 1013 2261 τοῦ
1026 2193 1142 2280 ύπὲρῖ)

52 2303 88 2369 τό
110 2303 263 2392 ἡνωμένον
275 2301 360 2382 Ἑνός
382 2305 459 2384 ἴδιος
480 2303 609 2391 πρόοδος
630 2305 705 2392 ὑπὲρ
727 2301 761 2371 τό
775 2303 929 2391 ἡνωμένον
933 2335 947 2386 ,·
965 2303 988 2392 ἡ
1001 2304 1055 2390 μὲν
1070 2304 1144 2389 ἇμέ-

52 2417 184 2493 θεντος,
205 2412 225 2499 ἡ
247 2409 281 2480 δὲ
300 2409 362 2479 ὑπδ
384 2419 440 2480 τοῦ
458 2413 610 2497 ἡνωμένον
630 2416 829 2500 μετοχομένη,·
850 2411 874 2498 ἡ
894 2409 981 2478 σύπω
1003 2417 1065 2479 ἐκεῖ
1080 2411 1149 2478 διε--

52 2525 152 2610 κρίθη
173 2516 207 2587 τύ
229 2526 351 2609 μετέχον
370 2524 422 2588 καί
441 2521 652 2610 μιτεχύμενονς
680 2520 750 2588 οὐδὲ
772 2517 805 2588 τό
828 2518 979 2607 μεθεκτδν
999 2523 1051 2588 καλ
1071 2522 1142 2606 ἆμέ-

52 2629 188 2706 θεκτονς
220 2623 290 2691 οὐδὲ
311 2623 350 2692 τύ
370 2623 469 2692 πολλὰ
488 2628 540 2692 καί
559 2625 600 2692 τό
622 2633 670 2704 ένς
701 2635 733 2693 ἓν
761 2626 818 2712 γὰρ
838 2624 931 2713 μόνον
953 2617 990 2712 ἡν
1011 2627 1031 2714 ἡ
1053 2627 1144 2712 φύσις

53 2737 171 2820 ἐκείνη,
192 2736 242 2799 καί
262 2733 283 2812 ἡ
306 2733 431 2821 δευτέρα
453 2734 522 2822 ἆρχὴ
543 2731 644 2800 πολλοί
667 2735 783 2821 ἐλέγετο
806 2735 845 2811 ῶς
864 2742 919 2821 μία
934 2737 1038 2818 φύσις,
1060 2743 1143 2823 μίτία

53 2844 116 2908 τῶν
137 2837 216 2906 κατὰ
236 2838 334 2908 πάντα
355 2841 470 2926 τρόπον
491 2841 738 2929 διακρινομένων,
765 2839 890 2928 δύναμις
912 2834 987 2910 ούσα
1009 2841 1144 2910 αῶτύθεν
1189 2874 1191 2878 ·

53 2954 111 3016 τοῦ
131 2945 199 3026 ἑνός
219 2946 384 3036 διακριτικὴ
401 2953 452 3016 καί
469 2951 598 3036 χόνιμος.
622 2989 660 3000 -
686 2949 750 3018 Ούκ
762 2948 822 3035 ίίρα
835 2953 967 3036 πέφυκεν
981 2951 1000 3037 ἡ
1014 2949 1142 3037 τοιαύτη

54 3056 147 3142 φύσις
169 3057 328 3142 ὑπομένειν
355 3057 408 3134 τὰς
434 3055 511 3124 κατύ
534 3058 680 3144 διάκρισιν
698 3059 866 3145 ἡντιναοῦν
892 3063 1066 3146 χιχνομίνας
1091 3058 1144 3144 ἀφ’

54 3162 125 3242 ἑνός
145 3163 309 3250 νέρούδους·
332 3173 363 3232 ἓν
385 3162 438 3251 χύρ
460 3165 537 3232 εἶναι
554 3165 700 3252 βούλεται
719 3160 811 3249 μόνον
829 3167 881 3229 καὶ
901 3171 935 3233 έν
948 3163 983 3232 τό
997 3177 1144 3232 παντοῖον

52 3274 106 3340 καί
127 3269 185 3360 πρό
208 3268 342 3354 πόντων,
375 3273 429 3357 ἀφ’
451 3264 489 3339 ού
510 3272 633 3358 δεύτερα
655 3271 676 3358 ἡ
695 3277 782 3360 τρίτα
802 3278 941 3356 φαίνεται
962 3268 1144 3366 τὰτοιαῦτα

55 3383 222 3468 χιχνὸμενα.
271 3377 337 3448 Ἔτι
362 3380 413 3463 δὲ,
446 3375 525 3448 ὅπου
553 3380 652 3448 πύντα
672 3389 719 3461 ἓν,
756 3379 793 3448 ού
817 3379 916 3465 δήπου
947 3383 1088 3451 ἐνταῦθα
1109 3379 1146 3449 ῶν

54 3496 187 3576 συσταίη
208 3488 339 3575 διαφορά
358 3516 418 3570 τις,
450 3489 524 3556 ούδε
551 3497 621 3575 μία·
658 3489 713 3557 οὖν
734 3485 792 3578 ύροι
814 3484 849 3556 τό
872 3489 927 3574 μὲν
948 3482 1030 3556 ἐῶσαι
1062 3492 1144 3574 ἓνί)

53 3595 198 3672 ἅπλῶς,
226 3593 263 3662 τό
285 3596 320 3662 δὲ’
338 3595 555 3681 ιἰμέθσκτον
575 3605 630 3677 ἓν,
651 3595 687 3663 τὸ
711 3595 745 3662 δὲ
765 3591 963 3679 μοθεκτόν
984 3601 1037 3664 έν·
1074 3597 1144 3664 δια-

52 3702 149 3791 φοραί
168 3700 225 3790 χοίρ
244 3695 337 3769 οὗτοι
358 3707 480 3770 ἔσονται
493 3709 547 3790 τὴς
562 3711 617 3770 τοῦ
629 3700 695 3780 ἓνδς
713 3703 832 3787 φύσεως
843 3702 1013 3789 ἀδιαφόρου
1027 3707 1145 3772 παντοί-

52 3835 150 3876 πασιν
180 3809 271 3897 ούσης
299 3809 372 3877 ούδὲ
401 3808 460 3896 ἄρα
486 3809 606 3898 δεκτικὴ
626 3816 724 3893 ἐστιν,
756 3810 826 3878 οὐδὲ
855 3801 1034 3892 ὁπωςτίοῶν,
1071 3811 1145 3880 ούτι

53 3913 134 3985 κατὰ
155 3908 300 4004 έμφασιν,
337 3914 410 3985 ούτε
430 3919 507 3987 κατὰ
535 3918 699 4001 ῶναλονίαν
719 3924 775 3987 τοῦ
799 3924 898 4007 μένειν
925 3921 978 3986 καί
1005 3926 1144 4007 προϊέναι

124 4103 158 4169 ³)
177 4101 249 4156 Mon.
270 4089 332 4174 ὑπὲρ
349 4106 397 4158 τοῦ
415 4103 555 4173 ἡνωμένον.
577 4135 604 4143 -
625 4108 654 4169 ό)
673 4077 749 4161 δίου.
770 4105 794 4157 έν
815 4121 868 4158 non
888 4105 1016 4176 agnoscit.
