2770 4840
1096 282 1161 362 τοι

61 483 126 530 πως
139 456 166 536 ⁵)
188 452 400 540 γιγνώσκουσα
428 453 482 540 τῷν
505 455 626 534 οὐσίαν,
656 457 696 532 ὡς
715 457 819 544 νοερόν
839 486 870 522 τι
891 462 1001 544 ἔχουσα
1022 460 1098 545 πρὸς
1117 469 1161 546 τῷ

60 567 163 648 νοητῷ
193 565 245 628 καί
274 553 353 630 οῦσα
377 561 453 649 μετ-οὶ
475 563 511 629 το“
531 561 661 649 woefflin,
686 563 707 647 ἢ
735 566 787 630 καί
807 565 863 650 τὴν
885 567 994 632 οῦοίιιν
1014 568 1158 646 ἀξιωτέον

59 677 136 758 ἔχειν
164 655 194 735 τι
217 669 379 754 γνωστικὸν
400 671 440 746 ὡς
461 673 602 756 ἐκβᾶσαν
623 669 684 738 ἀπὸ
706 679 761 738 τοῦ
779 677 906 760 νοητοῦ,
937 677 1022 760 είπερ
1044 675 1158 763 νοηιόν

57 779 91 846 τί
112 780 276 868 ἡνωμένον.
312 779 361 846 Ἦ
380 786 487 866 γνῶσις
507 777 568 868 ἀρα
588 785 645 848 τοῦ
665 787 724 856 νοῦ
744 781 796 850 διὰ
817 786 893 869 ζωῆς
913 788 1157 869 ἐπιστρέφεσθαι

55 895 194 973 πέφυκεν
221 883 298 974 πρδς
325 889 448 958 οῦσίον·
478 893 593 976 ἐκείνης
619 887 676 977 γοίρ
696 896 866 971 ἐστι’νοῦς,
892 892 961 958 ἀλλ’
982 893 1017 960 οῦ
1040 897 1100 962 τοῦ
1116 896 1156 980 ἡ-

54 998 294 1083 νωμενοο,ιοάδ’
316 1004 349 1065 έν
363 1002 391 1082 ⁶)
412 998 448 1067 τέ
471 1001 636 1085 ἡνωμένον.

140 1113 255 1194 Τρίτον
275 1113 376 1174 τοίνυν
396 1113 425 1174 εί
444 1111 553 1194 νοητόν
574 1111 640 1174 ἔστι
660 1105 695 1173 τέ
715 1107 878 1191 ἡνωμένον,
902 1109 942 1185 ὡς
962 1106 998 1176 τὸ
1017 1108 1153 1190 γνωστὸν

50 1221 94 1301 τῷ
114 1218 227 1298 νοητῷ,
247 1217 291 1300 νῷ
310 1211 371 1302 πρὸ
393 1211 510 1290 παντές
530 1219 616 1281 έίιται
637 1217 742 1298 ἑτέρου
755 1212 874 1299 νοητόν.
897 1217 940 1283 ‘0
960 1217 1017 1304 ἀρα
1038 1219 1147 1304 νοητὰς

50 1329 125 1399 νοῦς
149 1320 297 1407 γνοίσεται
315 1318 353 1388 τέ
372 1319 434 1410 πρδ
455 1322 552 1390 αῦτοῦ
572 1323 743 1409 ἡνωμένον·
776 1321 833 1388 οῦκ
854 1321 917 1406 ἀρα
944 1321 1037 1401 αῦτδς
1063 1329 1151 1392 ἔσται

50 1433 222 1518 ἡνωμένος·
248 1431 270 1515 ἡ
293 1427 349 1518 γάρ
369 1437 479 1512 γνῶσις
496 1429 626 1518 ένέργειά
643 1437 725 1498 ἐστιν
744 1430 924 1518 διωρισμένη
947 1431 1009 1500 ἀπέ
1033 1433 1150 1513 οῦσίος,

46 1550 74 1607 εί
103 1543 159 1606 καί
184 1544 223 1631 τῇ
251 1539 339 1626 οὐσίᾳ
365 1541 547 1630 οὐνδρομος·
580 1543 632 1607 καί
661 1535 739 1615 ῦλως
759 1545 791 1604 έν
818 1540 926 1625 πολλῷ
945 1540 1092 1627 διορισμῷ
1112 1541 1147 1609 ni

45 1653 219 1737 γιγνῶσκον
245 1645 323 1734 πρὸς
350 1649 387 1715 to*
414 1645 649 1736 γιγνωσκόμενον
669 1650 721 1714 καί
752 1645 863 1724 ῦλοςί)
893 1648 946 1714 οῦκ
968 1647 1008 1715 ἀν
1028 1646 1147 1736 γένοιτό

44 1787 92 1835 τις
114 1763 151 1838 ἐν
172 1762 215 1842 τῷ
236 1758 389 1842 ἡνωμένην.

123 1866 173 1934 ‘0
201 1869 277 1950 γοῦν
304 1866 379 1940 νοῦς
404 1862 543 1940 ἀποοτάς
569 1866 625 1950 τῆς
655 1861 764 1941 οάσίοις
786 1863 893 1951 ἀγαπᾷ
927 1865 981 1931 διά
1008 1863 1144 1952 γναίοεως

41 1975 235 2041 ἐπανελθεῖν
258 1979 302 2049 τίς
332 1973 452 2040 οῦοίαν·
482 1969 562 2039 ἀλλά
587 1972 627 2056 δή
652 1972 689 2039 τέ
712 1973 863 2056 ἡνωμένον
890 1981 918 2039 ei
935 1969 1142 2062 γιγνώσκοιτο,

40 2085 98 2149 οῦκ
119 2087 207 2149 ἔσται
228 2084 321 2166 μένον
343 2083 495 2167 ἡνωμένον
520 2077 598 2148 ἀλλά
618 2080 671 2146 κἀί
689 2076 837 2166 γνωστόν·
860 2081 918 2148 οῦκ
939 2078 1001 2167 ἀρα
1021 2081 1141 2167 ἡνωμέ·

39 2219 96 2258 νον
118 2193 187 2275 εἴη,
216 2191 267 2254 καί
296 2185 330 2255 ei
359 2188 492 2274 γνωστόν
519 2191 552 2256 έν
574 2187 660 2273 αὐτῷ
679 2191 726 2276 εἴη
747 2186 962 2276 διωρισμένον·
993 2194 1021 2257 εί
1041 2187 1076 2255 δὲ
1098 2185 1141 2276 μὴ

37 2305 87 2384 εἴη
109 2295 248 2386 γνωστὸν
263 2291 429 2376 αὐτόθεν,
464 2293 543 2363 ἀλλά
569 2299 620 2362 καί
650 2293 685 2362 τέ
708 2293 842 2380 γνωστὸν
863 2299 967 2382 έγοιδ)
988 2293 1063 2380 ’μετὰ
1081 2299 1142 2362 νῦν

35 2408 149 2474 ἀλλων
169 2401 354 2490 ἀδιοίκριτον,
376 2405 413 2470 οῦ
431 2400 645 2490 γνωσθήσεται
667 2401 817 2482 αὐτόθεν,
838 2403 906 2471 ἀλλ’
929 2411 1033 2481 ένωσις
1054 2409 1141 2472 ἔσται
1157 2411 1222 2468 ΡἘ·

34 2517 115 2604 μόνη
140 2514 161 2600 ἡ
184 2511 261 2600 πρὸς
282 2507 357 2578 αῦτά
378 2515 500 2598 συναφὴ
516 2539 551 2578 τε
572 2514 625 2578 καί
647 2507 828 2599 ἐπιστροφή.
1167 2478 1221 2524 m'

114 2622 192 2689 Ἔτι
211 2621 327 2689 πολλοί
346 2627 423 2688 εἰσιν
444 2626 476 2686 αί
496 2622 755 2705 ἐπιστροφαί,
784 2621 843 2686 καί,
858 2630 938 2702 τρεῖς
956 2644 990 2704 γε
1011 2621 1142 2703 πρῶτον,

36 2737 103 2799 κατ’
138 2731 263 2810 οῦσίιιν,
295 2726 372 2795 κατὰ
396 2728 492 2813 ζωὴν,
523 2724 601 2794 κατά
629 2733 752 2815 γνοῦσιν·
786 2730 838 2794 καί
864 2722 946 2813 αῦτη
975 2727 1030 2813 μέν
1057 2740 1141 2794 ποιεῖ

33 2840 72 2906 τί
94 2843 277 2926 γιγνῶσκον,
311 2836 331 2922 ἡ
357 2836 392 2903 δὲ
413 2841 491 2922 μέση
513 2834 550 2903 τέ
572 2839 648 2916 ζῶν,
675 2836 696 2922 ἦ
716 2835 750 2902 δὲ
770 2833 875 2921 προίτη
897 2833 934 2903 τὸ
955 2835 1139 2920 οῦσνωμένον

30 2955 87 3015 καί
120 2946 138 3013 ὃ
164 2945 301 3034 γνωστάν
327 2945 407 3012 εἶναι
431 2947 589 3031 ὑπομένοι·
616 2945 651 3011 τὸ
682 2945 716 3012 δέ
744 2946 899 3031 ἡνωμένον
925 2942 987 3032 πρά
1016 2942 1139 3010 πάντων

30 3054 177 3123 τούτων·
208 3052 280 3120 οῦτε
305 3050 364 3140 ἀρα
390 3049 559 3139 γνωστικὴν
586 3057 647 3132 έξει
667 3049 872 3139 ἐπιστροφὴν,
901 3048 975 3120 οῦτε
1003 3051 1139 3137 γνωστὴν

34 3163 117 3230 οῦτε
139 3161 197 3247 τήν
217 3165 321 3248 μέσην.
340 3163 407 3230 Καί
426 3157 468 3246 μή
488 3169 563 3227 ’ποτε
584 3160 658 3228 οὐδὲ
678 3165 813 3246 πέφυκεν
833 3156 870 3226 τέ
890 3161 1044 3246 ἡνωμένον
1068 3165 1136 3224 ἐπι·

27 3274 246 3367 στρέφεσθαι,
269 3269 340 3337 οῦδὲ
361 3265 421 3355 γάρ
441 3273 597 3354 προϊέναι·
618 3273 703 3354 ηάσα
724 3269 758 3336 δέ
779 3267 949 3356 έπιστροφὴ
967 3271 1025 3335 τοῦ
1045 3278 1135 3350 προϊ-
1170 3323 1182 3336 .

28 3381 123 3456 όντος
154 3381 220 3446 ἐστί
243 3382 295 3444 καί
322 3376 398 3464 μοτά
423 3376 571 3463 πρόοδον·
606 3362 642 3444 τί
668 3378 702 3444 δὲ
730 3369 914 3465 οῦτως,έ’χει
944 3375 1135 3461 ἀδιακρίτως,

104 3567 138 3630 5)
159 3565 235 3619 Μοο.
261 3562 380 3622 ἀντίτας.

103 3637 136 3702 6)
156 3636 232 3688 Mon.
257 3631 332 3689 οὐδὲν
355 3637 381 3685 ὲν
404 3635 440 3703 τῷ
464 3631 516 3700 ἦνιν
538 3637 603 3686 ίνον.
626 3633 676 3685 sic.
713 3632 779 3685 Mox
797 3633 895 3687 Hnmb.
915 3637 938 3687 εί
957 3645 1019 3700 ante
1037 3630 1133 3696 νοητὸν

20 3722 51 3764 et
77 3706 171 3758 verba
189 3703 223 3764 ὣς
239 3701 272 3755 τὸ
288 3722 329 3772 γν.
347 3722 373 3758 τ.
392 3723 415 3757 ν.
426 3708 643 3773 .....ηνι·ιμίνον
661 3719 714 3755 non
733 3703 823 3757 hebet.
853 3703 882 3757 si
901 3703 1014 3756 Unitum
1032 3700 1132 3753 intelli.

19 3776 123 3854 gibile
143 3786 199 3838 est,
218 3789 344 3846 peraque
364 3789 396 3828 σο
415 3771 579 3846 CognohiIe,
599 3773 616 3822 i.
636 3791 658 3824 e.
681 3773 705 3823 εἰ
722 3772 831 3826 Unitum
849 3775 974 3847 piraque
992 3781 1072 3842 nique
1092 3783 1134 3831 ια,

18 3865 94 3921 qum
116 3860 149 3897 οο
172 3853 337 3904 noscuntur,
359 3841 637 3914 subintelligentiam
659 3841 747 3907 cadit,
767 3860 821 3912 pre
839 3845 934 3914 quavis
953 3841 1007 3896 alie
1025 3858 1055 3892 re
1073 3839 1133 3908 ipse

15 3861 220 3986 intelligiffiilin
238 3927 310 3964 mene
327 3911 397 3964 illud
415 3911 556 3983 intelliget.
585 3912 625 3964 En
643 3911 743 3984 igitur,
763 3911 947 3986 intelligibilis
965 3927 1038 3964 mena
1056 3905 1133 3979 quod

15 4007 90 4044 eam
111 3994 239 4054 superet,
265 3980 374 4033 Unitum
394 3993 554 4054 cognoscet.

106 4095 135 4156 γ)
155 4090 229 4142 Mon.
251 4087 320 4147 ὅσος.
348 4085 446 4140 Hamh.
467 4057 528 4146 ὅίιῦὲ
545 4088 596 4140 sic.
616 4099 661 4140 aut
681 4089 742 4146 inne
759 4101 803 4142 τοι
822 4085 888 4146 ὄιος
908 4081 1060 4157 legendum.

105 4158 135 4220 8)
153 4160 228 4216 Μοο.
249 4163 308 4224 ἔχει.

749 4308 785 4361 13
