<?xml version="1.0" encoding="UTF-8"?>
<!DOCTYPE html PUBLIC "-//W3C//DTD XHTML 1.0 Transitional//EN"
    "http://www.w3.org/TR/xhtml1/DTD/xhtml1-transitional.dtd">
<html xmlns="http://www.w3.org/1999/xhtml" xml:lang="en" lang="en">
 <head>
  <title>
</title>
<meta http-equiv="Content-Type" content="text/html;charset=utf-8" />
  <meta name='ocr-system' content='tesseract 3.04.00' />
  <meta name='ocr-capabilities' content='ocr_page ocr_carea ocr_par ocr_line ocrx_word'/>
</head>
<body>
  <div class='ocr_page' id='page_1' title='image "./gdamaskoudiadho00damagoog_0027.png"; bbox 0 0 2824 4838; ppageno 0'>
   <div class='ocr_carea' id='block_1_1' title="bbox 1092 241 1184 339">
    <p class='ocr_par' dir='ltr' id='par_1_1' title="bbox 1092 241 1184 339">
     <span class='ocr_line' id='line_1_1' title="bbox 1092 241 1184 339; baseline 0 -25"><span class='ocrx_word' id='word_1_1' title='bbox 1092 327 1096 339; x_wconf 32' lang='grc' dir='ltr'>Ι</span> <span class='ocrx_word' id='word_1_2' title='bbox 1161 241 1184 314; x_wconf 67' lang='grc' dir='ltr'><strong>ι</strong></span> 
     </span>
    </p>
   </div>
   <div class='ocr_carea' id='block_1_2' title="bbox 100 423 1188 623">
    <p class='ocr_par' dir='ltr' id='par_1_2' title="bbox 100 423 1188 623">
     <span class='ocr_line' id='line_1_2' title="bbox 100 423 1188 518; baseline 0.004 -26"><span class='ocrx_word' id='word_1_3' title='bbox 100 430 301 512; x_wconf 75' lang='grc' dir='ltr'><strong>ιεμβατοῦμεν</strong></span> <span class='ocrx_word' id='word_1_4' title='bbox 324 433 367 502; x_wconf 81' lang='grc' dir='ltr'><strong>εἰς</strong></span> <span class='ocrx_word' id='word_1_5' title='bbox 389 425 519 494; x_wconf 75' lang='grc' dir='ltr'><strong>αὐτότὸ</strong></span> <span class='ocrx_word' id='word_1_6' title='bbox 540 425 631 495; x_wconf 76' lang='lat' dir='ltr'><strong>otidis</strong></span> <span class='ocrx_word' id='word_1_7' title='bbox 652 423 884 512; x_wconf 58' lang='lat' dir='ltr'><strong>meretriciosus.</strong></span> <span class='ocrx_word' id='word_1_8' title='bbox 920 430 937 495; x_wconf 82' lang='grc' dir='ltr'><strong><em>ὅ</em></strong></span> <span class='ocrx_word' id='word_1_9' title='bbox 967 427 1025 518; x_wconf 76' lang='grc' dir='ltr'><strong>γὰρ</strong></span> <span class='ocrx_word' id='word_1_10' title='bbox 1053 429 1129 517; x_wconf 76' lang='grc' dir='ltr'><strong>μηδὲ</strong></span> <span class='ocrx_word' id='word_1_11' title='bbox 1155 437 1188 496; x_wconf 75' lang='lat' dir='ltr'><strong>s&#39;r</strong></span> 
     </span>
     <span class='ocr_line' id='line_1_3' title="bbox 101 531 1187 623; baseline 0.003 -23"><span class='ocrx_word' id='word_1_12' title='bbox 101 539 174 610; x_wconf 81' lang='grc' dir='ltr'><strong>ἐστι,</strong></span> <span class='ocrx_word' id='word_1_13' title='bbox 195 538 291 604; x_wconf 79' lang='grc' dir='ltr'><strong>τοῦτο</strong></span> <span class='ocrx_word' id='word_1_14' title='bbox 316 533 390 600; x_wconf 80' lang='lat' dir='ltr'><strong>otids&#39;</strong></span> <span class='ocrx_word' id='word_1_15' title='bbox 404 535 432 620; x_wconf 75' lang='lat'><strong>⁶)</strong></span> <span class='ocrx_word' id='word_1_16' title='bbox 455 538 519 600; x_wconf 82' lang='grc' dir='ltr'><strong>ἐστι</strong></span> <span class='ocrx_word' id='word_1_17' title='bbox 540 531 616 600; x_wconf 80' lang='grc' dir='ltr'>κατὰ</span> <span class='ocrx_word' id='word_1_18' title='bbox 636 532 671 606; x_wconf 80' lang='grc' dir='ltr'><strong>τὸ</strong></span> <span class='ocrx_word' id='word_1_19' title='bbox 691 534 901 605; x_wconf 77' lang='grc' dir='ltr'><strong>δικαιότατον.</strong></span> <span class='ocrx_word' id='word_1_20' title='bbox 922 536 1026 603; x_wconf 82' lang='grc' dir='ltr'><strong>πόθεν</strong></span> <span class='ocrx_word' id='word_1_21' title='bbox 1047 537 1104 623; x_wconf 71' lang='grc' dir='ltr'><strong>γάρ</strong></span> <span class='ocrx_word' id='word_1_22' title='bbox 1125 531 1187 604; x_wconf 79' lang='lat' dir='ltr'><strong>‘dre</strong></span> 
     </span>
    </p>
   </div>
   <div class='ocr_carea' id='block_1_3' title="bbox 24 729 1272 3160">
    <p class='ocr_par' dir='ltr' id='par_1_3' title="bbox 24 729 1187 1229">
     <span class='ocr_line' id='line_1_4' title="bbox 157 729 1185 812; baseline 0.005 -20"><span class='ocrx_word' id='word_1_23' title='bbox 157 739 190 808; x_wconf 73' lang='grc' dir='ltr'><strong>ὁ)</strong></span> <span class='ocrx_word' id='word_1_24' title='bbox 207 740 267 792; x_wconf 91' lang='lat' dir='ltr'><strong>Pro</strong></span> <span class='ocrx_word' id='word_1_25' title='bbox 286 738 349 792; x_wconf 75' lang='lat' dir='ltr'><strong>asts</strong></span> <span class='ocrx_word' id='word_1_26' title='bbox 375 743 429 794; x_wconf 75' lang='lat' dir='ltr'><strong>tue</strong></span> <span class='ocrx_word' id='word_1_27' title='bbox 453 739 520 794; x_wconf 85' lang='lat' dir='ltr'><strong>Ven.</strong></span> <span class='ocrx_word' id='word_1_28' title='bbox 542 754 568 794; x_wconf 90' lang='lat' dir='ltr'><strong>et</strong></span> <span class='ocrx_word' id='word_1_29' title='bbox 585 737 661 794; x_wconf 84' lang='lat' dir='ltr'><strong>Mon.</strong></span> <span class='ocrx_word' id='word_1_30' title='bbox 686 739 791 794; x_wconf 85' lang='lat' dir='ltr'><strong>rectius</strong></span> <span class='ocrx_word' id='word_1_31' title='bbox 819 729 882 795; x_wconf 90' lang='lat' dir='ltr'><strong>dant</strong></span> <span class='ocrx_word' id='word_1_32' title='bbox 909 737 983 794; x_wconf 74' lang='lat' dir='ltr'><strong>nidis</strong></span> <span class='ocrx_word' id='word_1_33' title='bbox 1003 745 1023 795; x_wconf 76' lang='lat' dir='ltr'><strong>l.</strong></span> <span class='ocrx_word' id='word_1_34' title='bbox 1049 744 1115 796; x_wconf 86' lang='lat' dir='ltr'><strong>Mox</strong></span> <span class='ocrx_word' id='word_1_35' title='bbox 1132 758 1185 812; x_wconf 90' lang='lat' dir='ltr'><strong>pro</strong></span> 
     </span>
     <span class='ocr_line' id='line_1_5' title="bbox 100 808 1183 887; baseline 0.002 -25"><span class='ocrx_word' id='word_1_36' title='bbox 100 809 170 862; x_wconf 75' lang='grc' dir='ltr'><strong><em>ἄλλον</em></strong></span> <span class='ocrx_word' id='word_1_37' title='bbox 190 831 215 880; x_wconf 78' lang='lat' dir='ltr'><strong>y.</strong></span> <span class='ocrx_word' id='word_1_38' title='bbox 238 809 295 862; x_wconf 78' lang='lat' dir='ltr'><strong>oct.</strong></span> <span class='ocrx_word' id='word_1_39' title='bbox 315 811 390 862; x_wconf 84' lang='lat' dir='ltr'><strong>llllon.</strong></span> <span class='ocrx_word' id='word_1_40' title='bbox 408 808 464 862; x_wconf 80' lang='grc' dir='ltr'><strong>ἀλλ’</strong></span> <span class='ocrx_word' id='word_1_41' title='bbox 484 809 515 860; x_wconf 79' lang='grc' dir='ltr'><strong>οὐ</strong></span> <span class='ocrx_word' id='word_1_42' title='bbox 539 831 564 880; x_wconf 78' lang='lat'><strong>7.</strong></span> <span class='ocrx_word' id='word_1_43' title='bbox 585 809 724 887; x_wconf 73' lang='lat' dir='ltr'>specimen</span> <span class='ocrx_word' id='word_1_44' title='bbox 742 810 885 882; x_wconf 84' lang='lat' dir='ltr'><strong>&#39;librorum</strong></span> <span class='ocrx_word' id='word_1_45' title='bbox 903 811 969 863; x_wconf 85' lang='lat' dir='ltr'><strong>Ven.</strong></span> <span class='ocrx_word' id='word_1_46' title='bbox 997 811 1042 864; x_wconf 90' lang='lat' dir='ltr'><strong>hio</strong></span> <span class='ocrx_word' id='word_1_47' title='bbox 1068 811 1183 878; x_wconf 78' lang='lat' dir='ltr'><strong>desinit,</strong></span> 
     </span>
     <span class='ocr_line' id='line_1_6' title="bbox 125 875 1185 952; baseline 0 -20"><span class='ocrx_word' id='word_1_48' title='bbox 125 877 159 932; x_wconf 85' lang='lat' dir='ltr'><strong>&#39;os</strong></span> <span class='ocrx_word' id='word_1_49' title='bbox 180 878 288 932; x_wconf 81' lang='lat' dir='ltr'><strong>utinam</strong></span> <span class='ocrx_word' id='word_1_50' title='bbox 317 878 448 933; x_wconf 66' lang='lat' dir='ltr'><strong>feliciori*</strong></span> <span class='ocrx_word' id='word_1_51' title='bbox 465 877 558 932; x_wconf 79' lang='lat' dir='ltr'>&#39;contin</span> <span class='ocrx_word' id='word_1_52' title='bbox 579 891 605 932; x_wconf 86' lang='lat' dir='ltr'><strong>at</strong></span> <span class='ocrx_word' id='word_1_53' title='bbox 633 875 770 932; x_wconf 72' lang='lat' dir='ltr'><strong>conferre!</strong></span> <span class='ocrx_word' id='word_1_54' title='bbox 802 881 890 948; x_wconf 85' lang='lat' dir='ltr'><strong>Hujus</strong></span> <span class='ocrx_word' id='word_1_55' title='bbox 910 879 1006 952; x_wconf 89' lang='lat' dir='ltr'><strong>capitis</strong></span> <span class='ocrx_word' id='word_1_56' title='bbox 1032 881 1185 934; x_wconf 77' lang='lat' dir='ltr'>versionem</span> 
     </span>
     <span class='ocr_line' id='line_1_7' title="bbox 119 897 1185 1030; baseline 0.001 -28"><span class='ocrx_word' id='word_1_57' title='bbox 119 948 284 1002; x_wconf 87' lang='lat' dir='ltr'><strong>ommentarii</strong></span> <span class='ocrx_word' id='word_1_58' title='bbox 302 946 367 1001; x_wconf 89' lang='lat' dir='ltr'><strong>loco</strong></span> <span class='ocrx_word' id='word_1_59' title='bbox 378 949 529 1020; x_wconf 75' lang='lat' dir='ltr'><strong>adponam:</strong></span> <span class='ocrx_word' id='word_1_60' title='bbox 547 897 686 1020; x_wconf 53' lang='lat' dir='ltr'><strong>(faucium</strong></span> <span class='ocrx_word' id='word_1_61' title='bbox 704 950 808 1002; x_wconf 84' lang='lat' dir='ltr'><strong>animus</strong></span> <span class='ocrx_word' id='word_1_62' title='bbox 823 961 914 1002; x_wconf 84' lang='lat' dir='ltr'><strong>noster</strong></span> <span class='ocrx_word' id='word_1_63' title='bbox 924 950 1059 1030; x_wconf 83' lang='lat' dir='ltr'><strong>praesagit,</strong></span> <span class='ocrx_word' id='word_1_64' title='bbox 1077 967 1185 1016; x_wconf 84' lang='lat' dir='ltr'><strong>eorum,</strong></span> 
     </span>
     <span class='ocr_line' id='line_1_8' title="bbox 99 1016 1187 1098; baseline 0.003 -28"><span class='ocrx_word' id='word_1_65' title='bbox 99 1036 146 1088; x_wconf 86' lang='lat' dir='ltr'><strong>quae</strong></span> <span class='ocrx_word' id='word_1_66' title='bbox 162 1017 415 1098; x_wconf 76' lang='lat' dir='ltr'><strong>quomodocunque</strong></span> <span class='ocrx_word' id='word_1_67' title='bbox 434 1016 529 1069; x_wconf 89' lang='lat' dir='ltr'><strong>Omnia</strong></span> <span class='ocrx_word' id='word_1_68' title='bbox 549 1031 574 1071; x_wconf 91' lang='grc' dir='ltr'><strong>ει</strong></span> <span class='ocrx_word' id='word_1_69' title='bbox 595 1034 721 1086; x_wconf 78' lang='lat' dir='ltr'><strong>stammam</strong></span> <span class='ocrx_word' id='word_1_70' title='bbox 743 1018 842 1070; x_wconf 80' lang='lat' dir='ltr'><strong>lierum</strong></span> <span class='ocrx_word' id='word_1_71' title='bbox 856 1019 1092 1085; x_wconf 68' lang='lat' dir='ltr'><strong>comminiscamur,</strong></span> <span class='ocrx_word' id='word_1_72' title='bbox 1106 1019 1187 1088; x_wconf 87' lang='lat' dir='ltr'><strong>prin·</strong></span> 
     </span>
     <span class='ocr_line' id='line_1_9' title="bbox 24 1085 1184 1156; baseline 0.003 -19"><span class='ocrx_word' id='word_1_73' title='bbox 24 1101 25 1114; x_wconf 61' lang='lat'>¹</span> <span class='ocrx_word' id='word_1_74' title='bbox 98 1088 189 1155; x_wconf 88' lang='lat' dir='ltr'><strong>cipium</strong></span> <span class='ocrx_word' id='word_1_75' title='bbox 208 1087 285 1140; x_wconf 88' lang='lat' dir='ltr'><strong>ultra</strong></span> <span class='ocrx_word' id='word_1_76' title='bbox 298 1085 395 1139; x_wconf 85' lang='lat' dir='ltr'><strong>Omnia</strong></span> <span class='ocrx_word' id='word_1_77' title='bbox 412 1103 565 1156; x_wconf 87' lang='lat' dir='ltr'><strong>superesse,</strong></span> <span class='ocrx_word' id='word_1_78' title='bbox 587 1103 637 1140; x_wconf 89' lang='lat' dir='ltr'><strong>nec</strong></span> <span class='ocrx_word' id='word_1_79' title='bbox 657 1086 788 1139; x_wconf 77' lang='lat' dir='ltr'><strong>Omnibus</strong></span> <span class='ocrx_word' id='word_1_80' title='bbox 808 1089 982 1156; x_wconf 84' lang='lat' dir='ltr'><strong>conjunctum</strong></span> <span class='ocrx_word' id='word_1_81' title='bbox 998 1087 1115 1156; x_wconf 89' lang='lat' dir='ltr'><strong>haberi;</strong></span> <span class='ocrx_word' id='word_1_82' title='bbox 1134 1088 1184 1141; x_wconf 87' lang='lat' dir='ltr'><strong>ita-</strong></span> 
     </span>
     <span class='ocr_line' id='line_1_10' title="bbox 24 1151 1183 1229; baseline 0.003 -21"><span class='ocrx_word' id='word_1_83' title='bbox 24 1151 25 1198; x_wconf 72' lang='lat' dir='ltr'><strong>l</strong></span> <span class='ocrx_word' id='word_1_84' title='bbox 113 1175 141 1208; x_wconf 89' lang='lat' dir='ltr'><strong>ue</strong></span> <span class='ocrx_word' id='word_1_85' title='bbox 159 1173 209 1210; x_wconf 90' lang='lat' dir='ltr'><strong>nec</strong></span> <span class='ocrx_word' id='word_1_86' title='bbox 230 1155 399 1228; x_wconf 72' lang='lat' dir='ltr'><strong>principium</strong></span> <span class='ocrx_word' id='word_1_87' title='bbox 419 1173 505 1225; x_wconf 89' lang='lat' dir='ltr'><strong>neque</strong></span> <span class='ocrx_word' id='word_1_88' title='bbox 526 1175 632 1211; x_wconf 83' lang='lat' dir='ltr'><strong>causam</strong></span> <span class='ocrx_word' id='word_1_89' title='bbox 653 1173 710 1210; x_wconf 89' lang='lat' dir='ltr'><strong>esse</strong></span> <span class='ocrx_word' id='word_1_90' title='bbox 728 1157 961 1224; x_wconf 82' lang='lat' dir='ltr'><strong>nominitsodutn,</strong></span> <span class='ocrx_word' id='word_1_91' title='bbox 991 1175 1078 1228; x_wconf 86' lang='lat' dir='ltr'><strong>neque</strong></span> <span class='ocrx_word' id='word_1_92' title='bbox 1096 1174 1183 1229; x_wconf 86' lang='lat' dir='ltr'><strong>pooro</strong></span> 
     </span>
    </p>

    <p class='ocr_par' dir='ltr' id='par_1_4' title="bbox 24 1174 1185 1505">
     <span class='ocr_line' id='line_1_11' title="bbox 95 1174 1183 1297; baseline 0.003 -21"><span class='ocrx_word' id='word_1_93' title='bbox 95 1174 225 1292; x_wconf 68' lang='lat' dir='ltr'><strong>irinum,</strong></span> <span class='ocrx_word' id='word_1_94' title='bbox 253 1242 284 1277; x_wconf 88' lang='lat' dir='ltr'><strong>ne</strong></span> <span class='ocrx_word' id='word_1_95' title='bbox 305 1223 339 1278; x_wconf 80' lang='lat' dir='ltr'><strong>ite</strong></span> <span class='ocrx_word' id='word_1_96' title='bbox 370 1223 502 1278; x_wconf 89' lang='lat' dir='ltr'><strong>Omnibus</strong></span> <span class='ocrx_word' id='word_1_97' title='bbox 532 1223 702 1290; x_wconf 72' lang='lat' dir='ltr'><strong>Praecedens,</strong></span> <span class='ocrx_word' id='word_1_98' title='bbox 733 1232 819 1297; x_wconf 82' lang='lat' dir='ltr'><strong>neque</strong></span> <span class='ocrx_word' id='word_1_99' title='bbox 846 1225 971 1278; x_wconf 88' lang='lat' dir='ltr'><strong>omnibus</strong></span> <span class='ocrx_word' id='word_1_100' title='bbox 989 1226 1119 1294; x_wconf 81' lang='lat' dir='ltr'><strong>Ulterius,</strong></span> <span class='ocrx_word' id='word_1_101' title='bbox 1140 1226 1183 1279; x_wconf 80' lang='lat' dir='ltr'><strong>vix</strong></span> 
     </span>
     <span class='ocr_line' id='line_1_12' title="bbox 96 1293 1184 1376; baseline 0.004 -32"><span class='ocrx_word' id='word_1_102' title='bbox 96 1295 203 1374; x_wconf 87' lang='lat' dir='ltr'><strong>denique</strong></span> <span class='ocrx_word' id='word_1_103' title='bbox 221 1293 286 1364; x_wconf 73' lang='lat' dir='ltr'><strong>&#39;ipsu</strong></span> <span class='ocrx_word' id='word_1_104' title='bbox 331 1306 459 1376; x_wconf 83' lang='lat' dir='ltr'><strong>tanquam</strong></span> <span class='ocrx_word' id='word_1_105' title='bbox 479 1293 575 1349; x_wconf 86' lang='lat' dir='ltr'><strong>Omnia</strong></span> <span class='ocrx_word' id='word_1_106' title='bbox 594 1313 653 1348; x_wconf 88' lang='lat' dir='ltr'><strong>esse</strong></span> <span class='ocrx_word' id='word_1_107' title='bbox 665 1293 886 1372; x_wconf 71' lang='lat' dir='ltr'><strong>praedicandum,</strong></span> <span class='ocrx_word' id='word_1_108' title='bbox 918 1295 983 1365; x_wconf 89' lang='lat' dir='ltr'><strong>quin</strong></span> <span class='ocrx_word' id='word_1_109' title='bbox 1002 1295 1110 1348; x_wconf 86' lang='lat' dir='ltr'><strong>omnino</strong></span> <span class='ocrx_word' id='word_1_110' title='bbox 1131 1311 1184 1348; x_wconf 90' lang='lat' dir='ltr'><strong>non</strong></span> 
     </span>
     <span class='ocr_line' id='line_1_13' title="bbox 94 1363 1185 1438; baseline 0.004 -25"><span class='ocrx_word' id='word_1_111' title='bbox 94 1365 228 1434; x_wconf 79' lang='lat' dir='ltr'><strong>predicari</strong></span> <span class='ocrx_word' id='word_1_112' title='bbox 248 1381 277 1434; x_wconf 77' lang='lat' dir='ltr'><strong>ne</strong></span> <span class='ocrx_word' id='word_1_113' title='bbox 299 1383 331 1416; x_wconf 87' lang='lat' dir='ltr'><strong>ue</strong></span> <span class='ocrx_word' id='word_1_114' title='bbox 349 1380 438 1416; x_wconf 83' lang='lat' dir='ltr'><strong>animo</strong></span> <span class='ocrx_word' id='word_1_115' title='bbox 457 1364 598 1416; x_wconf 86' lang='lat' dir='ltr'><strong>informari</strong></span> <span class='ocrx_word' id='word_1_116' title='bbox 617 1381 666 1436; x_wconf 77' lang='lat' dir='ltr'><strong>nec</strong></span> <span class='ocrx_word' id='word_1_117' title='bbox 686 1364 848 1434; x_wconf 89' lang='lat' dir='ltr'><strong>suspicione·</strong></span> <span class='ocrx_word' id='word_1_118' title='bbox 861 1365 955 1435; x_wconf 88' lang='lat' dir='ltr'><strong>attingi</strong></span> <span class='ocrx_word' id='word_1_119' title='bbox 973 1381 1062 1438; x_wconf 88' lang='lat' dir='ltr'><strong>posse.</strong></span> <span class='ocrx_word' id='word_1_120' title='bbox 1099 1363 1185 1436; x_wconf 80' lang='lat' dir='ltr'><strong>Quid-</strong></span> 
     </span>
     <span class='ocr_line' id='line_1_14' title="bbox 24 1431 1183 1505; baseline 0.003 -21"><span class='ocrx_word' id='word_1_121' title='bbox 24 1483 25 1494; x_wconf 42' lang='lat'><strong>,</strong></span> <span class='ocrx_word' id='word_1_122' title='bbox 112 1433 154 1484; x_wconf 90' lang='lat' dir='ltr'><strong>nid</strong></span> <span class='ocrx_word' id='word_1_123' title='bbox 172 1433 246 1484; x_wconf 86' lang='lat' dir='ltr'><strong>enim</strong></span> <span class='ocrx_word' id='word_1_124' title='bbox 264 1431 415 1505; x_wconf 76' lang='lat' dir='ltr'><strong>cogitamus</strong></span> <span class='ocrx_word' id='word_1_125' title='bbox 435 1431 477 1484; x_wconf 83' lang='lat' dir='ltr'><strong>v&#39;el</strong></span> <span class='ocrx_word' id='word_1_126' title='bbox 497 1435 601 1486; x_wconf 88' lang='lat' dir='ltr'><strong>ratione</strong></span> <span class='ocrx_word' id='word_1_127' title='bbox 621 1433 836 1500; x_wconf 71' lang='lat' dir='ltr'><strong>(abstractione)</strong></span> <span class='ocrx_word' id='word_1_128' title='bbox 856 1433 993 1504; x_wconf 87' lang='lat' dir='ltr'><strong>fingimus,</strong></span> <span class='ocrx_word' id='word_1_129' title='bbox 1018 1433 1047 1484; x_wconf 92' lang='lat' dir='ltr'><strong>id</strong></span> <span class='ocrx_word' id='word_1_130' title='bbox 1076 1446 1123 1486; x_wconf 87' lang='lat' dir='ltr'><strong>aut</strong></span> <span class='ocrx_word' id='word_1_131' title='bbox 1151 1452 1183 1487; x_wconf 84' lang='lat' dir='ltr'><strong>ex</strong></span> 
     </span>
    </p>

    <p class='ocr_par' dir='ltr' id='par_1_5' title="bbox 24 1451 1272 3160">
     <span class='ocr_line' id='line_1_15' title="bbox 95 1451 1183 1574; baseline 0 -20"><span class='ocrx_word' id='word_1_132' title='bbox 95 1451 227 1556; x_wconf 66' lang='lat' dir='ltr'><strong>duumu&#39;</strong></span> <span class='ocrx_word' id='word_1_133' title='bbox 240 1501 344 1573; x_wconf 83' lang='lat' dir='ltr'><strong>aliquid</strong></span> <span class='ocrx_word' id='word_1_134' title='bbox 362 1514 412 1566; x_wconf 98' lang='grc' dir='ltr'><strong>εει,</strong></span> <span class='ocrx_word' id='word_1_135' title='bbox 431 1515 502 1556; x_wconf 89' lang='grc' dir='ltr'><strong>--ει</strong></span> <span class='ocrx_word' id='word_1_136' title='bbox 519 1503 573 1554; x_wconf 89' lang='lat' dir='ltr'><strong>bne</strong></span> <span class='ocrx_word' id='word_1_137' title='bbox 592 1503 706 1574; x_wconf 84' lang='lat' dir='ltr'><strong>propius</strong></span> <span class='ocrx_word' id='word_1_138' title='bbox 721 1502 863 1556; x_wconf 84' lang='lat' dir='ltr'><strong>veritatem</strong></span> <span class='ocrx_word' id='word_1_139' title='bbox 876 1503 993 1566; x_wconf 83' lang='lat' dir='ltr'><strong>accedit,</strong></span> <span class='ocrx_word' id='word_1_140' title='bbox 1012 1533 1044 1542; x_wconf 91' lang='lat'>—</span> <span class='ocrx_word' id='word_1_141' title='bbox 1065 1515 1119 1567; x_wconf 88' lang='lat' dir='ltr'><strong>snt,</strong></span> <span class='ocrx_word' id='word_1_142' title='bbox 1140 1520 1183 1554; x_wconf 85' lang='lat' dir='ltr'><strong>ex-</strong></span> 
     </span>
     <span class='ocr_line' id='line_1_16' title="bbox 111 1571 1185 1644; baseline 0.002 -22"><span class='ocrx_word' id='word_1_143' title='bbox 111 1573 308 1644; x_wconf 54' lang='lat' dir='ltr'><strong>urguumfti.</strong></span> <span class='ocrx_word' id='word_1_144' title='bbox 331 1590 354 1622; x_wconf 91' lang='grc' dir='ltr'><strong>ε.</strong></span> <span class='ocrx_word' id='word_1_145' title='bbox 372 1588 445 1625; x_wconf 86' lang='lat' dir='ltr'><strong>mera</strong></span> <span class='ocrx_word' id='word_1_146' title='bbox 471 1582 497 1623; x_wconf 90' lang='grc' dir='ltr'><strong>ει</strong></span> <span class='ocrx_word' id='word_1_147' title='bbox 521 1571 627 1626; x_wconf 84' lang='lat' dir='ltr'><strong>sincera</strong></span> <span class='ocrx_word' id='word_1_148' title='bbox 652 1572 740 1624; x_wconf 86' lang='lat' dir='ltr'><strong>forma</strong></span> <span class='ocrx_word' id='word_1_149' title='bbox 767 1576 942 1642; x_wconf 76' lang='lat' dir='ltr'><strong>conceptum)</strong></span> <span class='ocrx_word' id='word_1_150' title='bbox 971 1571 1060 1644; x_wconf 87' lang='lat' dir='ltr'><strong>ipsum</strong></span> <span class='ocrx_word' id='word_1_151' title='bbox 1080 1571 1185 1624; x_wconf 88' lang='lat' dir='ltr'><strong>Cuncta</strong></span> 
     </span>
     <span class='ocr_line' id='line_1_17' title="bbox 93 1589 1181 1712; baseline 0 -20"><span class='ocrx_word' id='word_1_152' title='bbox 93 1589 183 1692; x_wconf 76' lang='lat' dir='ltr'><strong>lerum</strong></span> <span class='ocrx_word' id='word_1_153' title='bbox 203 1643 259 1693; x_wconf 72' lang='lat' dir='ltr'><strong>es‘t:</strong></span> <span class='ocrx_word' id='word_1_154' title='bbox 290 1637 512 1711; x_wconf 68' lang='lat' dir='ltr'><strong>atque‘hac&#39;vi&#39;a</strong></span> <span class='ocrx_word' id='word_1_155' title='bbox 538 1641 597 1711; x_wconf 87' lang='lat' dir='ltr'><strong>(qui</strong></span> <span class='ocrx_word' id='word_1_156' title='bbox 626 1641 708 1706; x_wconf 84' lang='lat' dir='ltr'><strong>velit,</strong></span> <span class='ocrx_word' id='word_1_157' title='bbox 733 1639 804 1712; x_wconf 86' lang='lat' dir='ltr'><strong>l&#39;egat</strong></span> <span class='ocrx_word' id='word_1_158' title='bbox 823 1639 915 1692; x_wconf 53' lang='grc' dir='ltr'><strong>κᾶνεί</strong></span> <span class='ocrx_word' id='word_1_159' title='bbox 934 1642 983 1706; x_wconf 76' lang='grc' dir='ltr'><strong>εἰς)</strong></span> <span class='ocrx_word' id='word_1_160' title='bbox 1006 1640 1181 1694; x_wconf 84' lang='lat' dir='ltr'><strong>dissolventes</strong></span> 
     </span>
     <span class='ocr_line' id='line_1_18' title="bbox 95 1709 1182 1781; baseline 0.002 -21"><span class='ocrx_word' id='word_1_161' title='bbox 95 1710 210 1762; x_wconf 81' lang='lat' dir='ltr'><strong>dissoluti</strong></span> <span class='ocrx_word' id='word_1_162' title='bbox 255 1711 320 1774; x_wconf 74' lang='lat' dir='ltr'><strong>tu.</strong></span> <span class='ocrx_word' id='word_1_163' title='bbox 341 1729 364 1762; x_wconf 90' lang='grc' dir='ltr'><strong>ε.</strong></span> <span class='ocrx_word' id='word_1_164' title='bbox 392 1711 494 1778; x_wconf 89' lang='lat' dir='ltr'><strong>species</strong></span> <span class='ocrx_word' id='word_1_165' title='bbox 519 1709 602 1762; x_wconf 90' lang='lat' dir='ltr'><strong>menti</strong></span> <span class='ocrx_word' id='word_1_166' title='bbox 621 1709 742 1776; x_wconf 84' lang='lat' dir='ltr'><strong>objectas</strong></span> <span class='ocrx_word' id='word_1_167' title='bbox 766 1720 929 1781; x_wconf 84' lang='lat' dir='ltr'><strong>purgantes,</strong></span> <span class='ocrx_word' id='word_1_168' title='bbox 959 1710 1067 1780; x_wconf 85' lang='lat' dir='ltr'><strong>ipsique</strong></span> <span class='ocrx_word' id='word_1_169' title='bbox 1096 1721 1182 1762; x_wconf 90' lang='lat' dir='ltr'><strong>mente</strong></span> 
     </span>
     <span class='ocr_line' id='line_1_19' title="bbox 95 1729 1181 1850; baseline 0.002 -22"><span class='ocrx_word' id='word_1_170' title='bbox 95 1729 296 1850; x_wconf 56' lang='lat' dir='ltr'><strong>palmachius</strong></span> <span class='ocrx_word' id='word_1_171' title='bbox 313 1777 506 1831; x_wconf 86' lang='lat' dir='ltr'><strong>adscendamus</strong></span> <span class='ocrx_word' id='word_1_172' title='bbox 526 1778 560 1830; x_wconf 89' lang='lat' dir='ltr'><strong>ad</strong></span> <span class='ocrx_word' id='word_1_173' title='bbox 573 1777 811 1850; x_wconf 83' lang='lat' dir='ltr'><strong>simplicissimum,</strong></span> <span class='ocrx_word' id='word_1_174' title='bbox 827 1777 914 1848; x_wconf 87' lang='lat' dir='ltr'><strong>qnod,</strong></span> <span class='ocrx_word' id='word_1_175' title='bbox 935 1779 1056 1831; x_wconf 84' lang='lat' dir='ltr'><strong>omnium</strong></span> <span class='ocrx_word' id='word_1_176' title='bbox 1071 1779 1181 1850; x_wconf 88' lang='lat' dir='ltr'><strong>amplis-</strong></span> 
     </span>
     <span class='ocr_line' id='line_1_20' title="bbox 24 1846 1180 1918; baseline 0.001 -19"><span class='ocrx_word' id='word_1_177' title='bbox 24 1881 26 1908; x_wconf 76' lang='lat' dir='ltr'><strong>r</strong></span> <span class='ocrx_word' id='word_1_178' title='bbox 94 1847 195 1913; x_wconf 84' lang='lat' dir='ltr'><strong>simum,</strong></span> <span class='ocrx_word' id='word_1_179' title='bbox 223 1847 315 1899; x_wconf 82' lang='lat' dir='ltr'><strong>omitia</strong></span> <span class='ocrx_word' id='word_1_180' title='bbox 339 1847 464 1912; x_wconf 85' lang='lat' dir='ltr'><strong>cohibet,</strong></span> <span class='ocrx_word' id='word_1_181' title='bbox 496 1847 585 1918; x_wconf 89' lang='lat' dir='ltr'><strong>qualis</strong></span> <span class='ocrx_word' id='word_1_182' title='bbox 617 1860 734 1900; x_wconf 87' lang='lat' dir='ltr'><strong>extrema</strong></span> <span class='ocrx_word' id='word_1_183' title='bbox 761 1848 979 1900; x_wconf 81' lang='lat' dir='ltr'><strong>circumferentia</strong></span> <span class='ocrx_word' id='word_1_184' title='bbox 1008 1865 1061 1900; x_wconf 91' lang='lat' dir='ltr'><strong>non</strong></span> <span class='ocrx_word' id='word_1_185' title='bbox 1097 1846 1180 1900; x_wconf 90' lang='lat' dir='ltr'><strong>modo</strong></span> 
     </span>
     <span class='ocr_line' id='line_1_21' title="bbox 96 1916 1182 1988; baseline 0.002 -20"><span class='ocrx_word' id='word_1_186' title='bbox 96 1933 193 1982; x_wconf 79' lang='lat' dir='ltr'><strong>comm,</strong></span> <span class='ocrx_word' id='word_1_187' title='bbox 215 1928 366 1988; x_wconf 84' lang='lat' dir='ltr'><strong>quaesunt,</strong></span> <span class='ocrx_word' id='word_1_188' title='bbox 386 1916 530 1969; x_wconf 83' lang='lat' dir='ltr'><strong>sedetiam</strong></span> <span class='ocrx_word' id='word_1_189' title='bbox 550 1919 805 1986; x_wconf 82' lang='lat' dir='ltr'><strong>eorum,qusanon</strong></span> <span class='ocrx_word' id='word_1_190' title='bbox 830 1928 890 1970; x_wconf 89' lang='lat' dir='ltr'><strong>sunt</strong></span> <span class='ocrx_word' id='word_1_191' title='bbox 916 1916 1009 1986; x_wconf 85' lang='lat' dir='ltr'><strong>[quale</strong></span> <span class='ocrx_word' id='word_1_192' title='bbox 1036 1925 1078 1969; x_wconf 82' lang='lat' dir='ltr'><strong>est</strong></span> <span class='ocrx_word' id='word_1_193' title='bbox 1100 1916 1132 1970; x_wconf 83' lang='grc' dir='ltr'><strong>τό</strong></span> <span class='ocrx_word' id='word_1_194' title='bbox 1154 1938 1182 1970; x_wconf 85' lang='grc' dir='ltr'><strong>τι</strong></span> 
     </span>
     <span class='ocr_line' id='line_1_22' title="bbox 24 1985 1182 2056; baseline 0 -16"><span class='ocrx_word' id='word_1_195' title='bbox 24 2035 25 2040; x_wconf 75' lang='grc'><strong>,</strong></span> <span class='ocrx_word' id='word_1_196' title='bbox 95 1986 241 2038; x_wconf 88' lang='lat' dir='ltr'><strong>stoicorum</strong></span> <span class='ocrx_word' id='word_1_197' title='bbox 259 2003 413 2054; x_wconf 87' lang='lat' dir='ltr'><strong>supremam</strong></span> <span class='ocrx_word' id='word_1_198' title='bbox 431 2001 513 2056; x_wconf 83' lang='lat' dir='ltr'><strong>gentis</strong></span> <span class='ocrx_word' id='word_1_199' title='bbox 533 1985 592 2049; x_wconf 83' lang='lat' dir='ltr'><strong>al).</strong></span> <span class='ocrx_word' id='word_1_200' title='bbox 631 1987 733 2038; x_wconf 88' lang='lat' dir='ltr'><strong>Eorum</strong></span> <span class='ocrx_word' id='word_1_201' title='bbox 753 1988 821 2040; x_wconf 87' lang='lat' dir='ltr'><strong>enim</strong></span> <span class='ocrx_word' id='word_1_202' title='bbox 841 1997 994 2056; x_wconf 77' lang='lat' dir='ltr'><strong>quaesunt,</strong></span> <span class='ocrx_word' id='word_1_203' title='bbox 1020 1985 1132 2038; x_wconf 78' lang='lat' dir='ltr'><strong>Unitum</strong></span> <span class='ocrx_word' id='word_1_204' title='bbox 1155 1999 1182 2040; x_wconf 86' lang='lat' dir='ltr'><strong>et</strong></span> 
     </span>
     <span class='ocr_line' id='line_1_23' title="bbox 24 2043 1182 2126; baseline 0.002 -22"><span class='ocrx_word' id='word_1_205' title='bbox 24 2043 25 2064; x_wconf 61' lang='lat'>¹</span> <span class='ocrx_word' id='word_1_206' title='bbox 94 2054 202 2114; x_wconf 80' lang='lat' dir='ltr'><strong>ineditus</strong></span> <span class='ocrx_word' id='word_1_207' title='bbox 224 2055 403 2106; x_wconf 88' lang='lat' dir='ltr'><strong>ludiscretum</strong></span> <span class='ocrx_word' id='word_1_208' title='bbox 420 2055 581 2123; x_wconf 88' lang='lat' dir='ltr'><strong>perhibetur</strong></span> <span class='ocrx_word' id='word_1_209' title='bbox 597 2056 750 2108; x_wconf 83' lang='lat' dir='ltr'><strong>Extremum</strong></span> <span class='ocrx_word' id='word_1_210' title='bbox 769 2065 849 2125; x_wconf 87' lang='lat' dir='ltr'><strong>atque</strong></span> <span class='ocrx_word' id='word_1_211' title='bbox 865 2071 1013 2106; x_wconf 79' lang='lat' dir='ltr'><strong>siimmumt</strong></span> <span class='ocrx_word' id='word_1_212' title='bbox 1040 2053 1182 2126; x_wconf 80' lang='lat' dir='ltr'><strong>Quidquid</strong></span> 
     </span>
     <span class='ocr_line' id='line_1_24' title="bbox 24 2123 1181 2190; baseline 0.004 -17"><span class='ocrx_word' id='word_1_213' title='bbox 24 2175 25 2184; x_wconf 49' lang='grc'><strong>,</strong></span> <span class='ocrx_word' id='word_1_214' title='bbox 94 2123 152 2174; x_wconf 87' lang='lat' dir='ltr'><strong>enim</strong></span> <span class='ocrx_word' id='word_1_215' title='bbox 171 2137 234 2190; x_wconf 82' lang='grc' dir='ltr'><strong>εει,</strong></span> <span class='ocrx_word' id='word_1_216' title='bbox 261 2142 293 2175; x_wconf 86' lang='lat' dir='ltr'><strong>ex</strong></span> <span class='ocrx_word' id='word_1_217' title='bbox 316 2123 456 2176; x_wconf 84' lang='lat' dir='ltr'><strong>elementis</strong></span> <span class='ocrx_word' id='word_1_218' title='bbox 485 2125 593 2176; x_wconf 87' lang='lat' dir='ltr'><strong>mixtum</strong></span> <span class='ocrx_word' id='word_1_219' title='bbox 618 2135 743 2176; x_wconf 86' lang='lat' dir='ltr'><strong>constat:</strong></span> <span class='ocrx_word' id='word_1_220' title='bbox 772 2153 803 2161; x_wconf 95' lang='lat'><em>-</em></span> <span class='ocrx_word' id='word_1_221' title='bbox 831 2123 981 2176; x_wconf 87' lang='lat' dir='ltr'><strong>lllultorum</strong></span> <span class='ocrx_word' id='word_1_222' title='bbox 1000 2142 1065 2176; x_wconf 88' lang='lat' dir='ltr'><strong>vero</strong></span> <span class='ocrx_word' id='word_1_223' title='bbox 1083 2125 1181 2178; x_wconf 81' lang='lat' dir='ltr'><strong>Extre-</strong></span> 
     </span>
     <span class='ocr_line' id='line_1_25' title="bbox 24 2191 1179 2273; baseline -0.001 -27"><span class='ocrx_word' id='word_1_224' title='bbox 24 2239 25 2246; x_wconf 73' lang='grc'><strong>,</strong></span> <span class='ocrx_word' id='word_1_225' title='bbox 93 2209 152 2244; x_wconf 87' lang='lat' dir='ltr'><strong>mum</strong></span> <span class='ocrx_word' id='word_1_226' title='bbox 170 2191 335 2264; x_wconf 90' lang='lat' dir='ltr'><strong>simpliciter</strong></span> <span class='ocrx_word' id='word_1_227' title='bbox 352 2191 441 2244; x_wconf 91' lang='lat' dir='ltr'><strong>Unum</strong></span> <span class='ocrx_word' id='word_1_228' title='bbox 466 2204 524 2260; x_wconf 64' lang='grc' dir='ltr'><strong>εει,</strong></span> <span class='ocrx_word' id='word_1_229' title='bbox 554 2211 610 2263; x_wconf 90' lang='lat' dir='ltr'><strong>quo</strong></span> <span class='ocrx_word' id='word_1_230' title='bbox 636 2191 775 2263; x_wconf 84' lang='lat' dir='ltr'><strong>quidpiam</strong></span> <span class='ocrx_word' id='word_1_231' title='bbox 802 2192 951 2273; x_wconf 76' lang='lat' dir='ltr'><strong>simplicius</strong></span> <span class='ocrx_word' id='word_1_232' title='bbox 976 2208 1026 2244; x_wconf 92' lang='lat' dir='ltr'><strong>non</strong></span> <span class='ocrx_word' id='word_1_233' title='bbox 1050 2191 1179 2248; x_wconf 87' lang='lat' dir='ltr'><strong>habemus</strong></span> 
     </span>
     <span class='ocr_line' id='line_1_26' title="bbox 24 2261 1251 2342; baseline 0.003 -32"><span class='ocrx_word' id='word_1_234' title='bbox 24 2303 25 2310; x_wconf 74' lang='grc'><strong>,</strong></span> <span class='ocrx_word' id='word_1_235' title='bbox 92 2263 172 2314; x_wconf 88' lang='lat' dir='ltr'><strong>animo</strong></span> <span class='ocrx_word' id='word_1_236' title='bbox 197 2261 366 2324; x_wconf 80' lang='lat' dir='ltr'><strong>informare,</strong></span> <span class='ocrx_word' id='word_1_237' title='bbox 392 2277 424 2314; x_wconf 90' lang='lat' dir='ltr'><strong>eo</strong></span> <span class='ocrx_word' id='word_1_238' title='bbox 447 2261 555 2342; x_wconf 88' lang='lat' dir='ltr'><strong>inquam</strong></span> <span class='ocrx_word' id='word_1_239' title='bbox 579 2263 662 2328; x_wconf 89' lang='lat' dir='ltr'><strong>Uno,</strong></span> <span class='ocrx_word' id='word_1_240' title='bbox 696 2262 772 2330; x_wconf 88' lang='lat' dir='ltr'><strong>quod</strong></span> <span class='ocrx_word' id='word_1_241' title='bbox 797 2261 930 2316; x_wconf 82' lang='lat' dir='ltr'><strong>radicitus</strong></span> <span class='ocrx_word' id='word_1_242' title='bbox 956 2279 1055 2336; x_wconf 89' lang='lat' dir='ltr'><strong>purum</strong></span> <span class='ocrx_word' id='word_1_243' title='bbox 1084 2273 1180 2331; x_wconf 85' lang='lat' dir='ltr'><strong>putum</strong></span> <span class='ocrx_word' id='word_1_244' title='bbox 1236 2273 1251 2292; x_wconf 65' lang='lat'>³</span> 
     </span>
     <span class='ocr_line' id='line_1_27' title="bbox 93 2329 1272 2402; baseline 0.001 -21"><span class='ocrx_word' id='word_1_245' title='bbox 93 2329 173 2382; x_wconf 90' lang='lat' dir='ltr'><strong>Unum</strong></span> <span class='ocrx_word' id='word_1_246' title='bbox 192 2343 247 2396; x_wconf 88' lang='lat' dir='ltr'><strong>est,</strong></span> <span class='ocrx_word' id='word_1_247' title='bbox 268 2329 345 2400; x_wconf 89' lang='lat' dir='ltr'><strong>quod</strong></span> <span class='ocrx_word' id='word_1_248' title='bbox 363 2330 429 2382; x_wconf 91' lang='lat' dir='ltr'><strong>licet</strong></span> <span class='ocrx_word' id='word_1_249' title='bbox 444 2329 609 2400; x_wconf 86' lang='lat' dir='ltr'><strong>principium</strong></span> <span class='ocrx_word' id='word_1_250' title='bbox 629 2347 789 2402; x_wconf 88' lang='lat' dir='ltr'><strong>causamque</strong></span> <span class='ocrx_word' id='word_1_251' title='bbox 808 2342 833 2382; x_wconf 90' lang='lat' dir='ltr'><strong>et</strong></span> <span class='ocrx_word' id='word_1_252' title='bbox 850 2331 965 2400; x_wconf 88' lang='lat' dir='ltr'><strong>primum</strong></span> <span class='ocrx_word' id='word_1_253' title='bbox 983 2348 1015 2386; x_wconf 89' lang='lat' dir='ltr'><strong>ac</strong></span> <span class='ocrx_word' id='word_1_254' title='bbox 1034 2329 1181 2401; x_wconf 88' lang='lat' dir='ltr'><strong>simplicis·</strong></span> <span class='ocrx_word' id='word_1_255' title='bbox 1269 2351 1272 2358; x_wconf 56' lang='lat'>¹</span> 
     </span>
     <span class='ocr_line' id='line_1_28' title="bbox 92 2398 1181 2472; baseline 0.001 -22"><span class='ocrx_word' id='word_1_256' title='bbox 92 2398 177 2451; x_wconf 85' lang='lat' dir='ltr'><strong>simum</strong></span> <span class='ocrx_word' id='word_1_257' title='bbox 194 2399 383 2463; x_wconf 81' lang='lat' dir='ltr'><strong>nominemus,</strong></span> <span class='ocrx_word' id='word_1_258' title='bbox 406 2398 445 2450; x_wconf 89' lang='lat' dir='ltr'><strong>ibi</strong></span> <span class='ocrx_word' id='word_1_259' title='bbox 465 2400 508 2464; x_wconf 87' lang='lat' dir='ltr'><strong>(in</strong></span> <span class='ocrx_word' id='word_1_260' title='bbox 526 2399 682 2463; x_wconf 86' lang='lat' dir='ltr'><strong>inaccessa,</strong></span> <span class='ocrx_word' id='word_1_261' title='bbox 710 2399 906 2470; x_wconf 88' lang='lat' dir='ltr'><strong>impenetrabili</strong></span> <span class='ocrx_word' id='word_1_262' title='bbox 932 2405 956 2450; x_wconf 86' lang='grc' dir='ltr'><strong>εἰ</strong></span> <span class='ocrx_word' id='word_1_263' title='bbox 978 2399 1181 2472; x_wconf 79' lang='lat' dir='ltr'><strong>inexpugnabili</strong></span> 
     </span>
     <span class='ocr_line' id='line_1_29' title="bbox 93 2466 1178 2540; baseline 0.004 -22"><span class='ocrx_word' id='word_1_264' title='bbox 93 2479 184 2521; x_wconf 86' lang='lat' dir='ltr'><strong>naturae</strong></span> <span class='ocrx_word' id='word_1_265' title='bbox 203 2486 260 2521; x_wconf 74' lang='lat' dir='ltr'><strong>sita</strong></span> <span class='ocrx_word' id='word_1_266' title='bbox 278 2471 356 2532; x_wconf 83' lang='lat' dir='ltr'><strong>arce]</strong></span> <span class='ocrx_word' id='word_1_267' title='bbox 376 2484 435 2520; x_wconf 87' lang='lat' dir='ltr'><strong>curn</strong></span> <span class='ocrx_word' id='word_1_268' title='bbox 453 2469 508 2519; x_wconf 87' lang='lat' dir='ltr'><strong>haec</strong></span> <span class='ocrx_word' id='word_1_269' title='bbox 529 2479 586 2520; x_wconf 90' lang='lat' dir='ltr'><strong>tum</strong></span> <span class='ocrx_word' id='word_1_270' title='bbox 604 2469 711 2538; x_wconf 88' lang='lat' dir='ltr'><strong>reliqua</strong></span> <span class='ocrx_word' id='word_1_271' title='bbox 723 2469 815 2522; x_wconf 88' lang='lat' dir='ltr'><strong>omnia</strong></span> <span class='ocrx_word' id='word_1_272' title='bbox 829 2466 1178 2540; x_wconf 84' lang='lat' dir='ltr'><strong>singularitercocrcet&#39;eo,</strong></span> 
     </span>
     <span class='ocr_line' id='line_1_30' title="bbox 24 2534 1179 2608; baseline 0.003 -21"><span class='ocrx_word' id='word_1_273' title='bbox 24 2535 25 2546; x_wconf 55' lang='lat'><em>³</em></span> <span class='ocrx_word' id='word_1_274' title='bbox 93 2538 157 2606; x_wconf 90' lang='lat' dir='ltr'><strong>qnod</strong></span> <span class='ocrx_word' id='word_1_275' title='bbox 183 2538 276 2594; x_wconf 87' lang='lat' dir='ltr'><strong>Unum</strong></span> <span class='ocrx_word' id='word_1_276' title='bbox 310 2548 360 2588; x_wconf 90' lang='lat' dir='ltr'><strong>est.</strong></span> <span class='ocrx_word' id='word_1_277' title='bbox 407 2534 488 2607; x_wconf 81' lang='lat' dir='ltr'><strong>Quod</strong></span> <span class='ocrx_word' id='word_1_278' title='bbox 516 2555 576 2589; x_wconf 91' lang='lat' dir='ltr'><strong>cum</strong></span> <span class='ocrx_word' id='word_1_279' title='bbox 601 2549 704 2590; x_wconf 85' lang='lat' dir='ltr'><strong>nosmet</strong></span> <span class='ocrx_word' id='word_1_280' title='bbox 726 2549 814 2588; x_wconf 90' lang='lat' dir='ltr'><strong>mente</strong></span> <span class='ocrx_word' id='word_1_281' title='bbox 843 2539 988 2608; x_wconf 88' lang='lat' dir='ltr'><strong>concipere</strong></span> <span class='ocrx_word' id='word_1_282' title='bbox 1022 2538 1179 2608; x_wconf 82' lang='lat' dir='ltr'><strong>nequimus,</strong></span> 
     </span>
     <span class='ocr_line' id='line_1_31' title="bbox 94 2601 1180 2676; baseline 0.003 -20"><span class='ocrx_word' id='word_1_283' title='bbox 94 2607 158 2658; x_wconf 88' lang='lat' dir='ltr'><strong>eirca</strong></span> <span class='ocrx_word' id='word_1_284' title='bbox 176 2606 251 2664; x_wconf 89' lang='lat' dir='ltr'><strong>illud</strong></span> <span class='ocrx_word' id='word_1_285' title='bbox 270 2603 454 2670; x_wconf 83' lang='lat' dir='ltr'><strong>distrahimur,</strong></span> <span class='ocrx_word' id='word_1_286' title='bbox 478 2605 541 2658; x_wconf 90' lang='lat' dir='ltr'><strong>dum</strong></span> <span class='ocrx_word' id='word_1_287' title='bbox 559 2625 617 2676; x_wconf 87' lang='lat' dir='ltr'><strong>quae</strong></span> <span class='ocrx_word' id='word_1_288' title='bbox 634 2607 661 2656; x_wconf 91' lang='lat' dir='ltr'><strong>in</strong></span> <span class='ocrx_word' id='word_1_289' title='bbox 681 2618 775 2659; x_wconf 86' lang='lat' dir='ltr'><strong>nostro</strong></span> <span class='ocrx_word' id='word_1_290' title='bbox 795 2607 884 2658; x_wconf 89' lang='lat' dir='ltr'><strong>animo</strong></span> <span class='ocrx_word' id='word_1_291' title='bbox 905 2601 1044 2660; x_wconf 83' lang='lat' dir='ltr'><strong>distracta</strong></span> <span class='ocrx_word' id='word_1_292' title='bbox 1057 2619 1128 2673; x_wconf 76' lang='lat' dir='ltr'><strong>seint,</strong></span> <span class='ocrx_word' id='word_1_293' title='bbox 1146 2605 1180 2659; x_wconf 90' lang='lat' dir='ltr'><strong>de</strong></span> 
     </span>
     <span class='ocr_line' id='line_1_32' title="bbox 91 2673 1179 2746; baseline 0.004 -22"><span class='ocrx_word' id='word_1_294' title='bbox 91 2673 132 2726; x_wconf 92' lang='lat' dir='ltr'><strong>illo</strong></span> <span class='ocrx_word' id='word_1_295' title='bbox 150 2674 330 2744; x_wconf 83' lang='lat' dir='ltr'><strong>enuntiamus.</strong></span> <span class='ocrx_word' id='word_1_296' title='bbox 368 2673 443 2746; x_wconf 80' lang='lat' dir='ltr'><strong>Quin</strong></span> <span class='ocrx_word' id='word_1_297' title='bbox 458 2675 526 2727; x_wconf 87' lang='lat' dir='ltr'><strong>adeo</strong></span> <span class='ocrx_word' id='word_1_298' title='bbox 548 2693 581 2728; x_wconf 87' lang='lat' dir='ltr'><strong>eo</strong></span> <span class='ocrx_word' id='word_1_299' title='bbox 601 2676 679 2744; x_wconf 90' lang='lat' dir='ltr'><strong>ipso,</strong></span> <span class='ocrx_word' id='word_1_300' title='bbox 706 2675 783 2745; x_wconf 91' lang='lat' dir='ltr'><strong>quod</strong></span> <span class='ocrx_word' id='word_1_301' title='bbox 802 2675 857 2729; x_wconf 92' lang='lat' dir='ltr'><strong>Uni</strong></span> <span class='ocrx_word' id='word_1_302' title='bbox 878 2675 960 2728; x_wconf 89' lang='lat' dir='ltr'><strong>multa</strong></span> <span class='ocrx_word' id='word_1_303' title='bbox 981 2676 1075 2730; x_wconf 85' lang='lat' dir='ltr'><strong>adesse</strong></span> <span class='ocrx_word' id='word_1_304' title='bbox 1099 2691 1179 2746; x_wconf 84' lang='lat' dir='ltr'><strong>nega-</strong></span> 
     </span>
     <span class='ocr_line' id='line_1_33' title="bbox 94 2742 1179 2816; baseline 0.003 -24"><span class='ocrx_word' id='word_1_305' title='bbox 94 2761 156 2812; x_wconf 86' lang='lat' dir='ltr'><strong>mus,</strong></span> <span class='ocrx_word' id='word_1_306' title='bbox 183 2743 258 2796; x_wconf 89' lang='lat' dir='ltr'><strong>illud</strong></span> <span class='ocrx_word' id='word_1_307' title='bbox 286 2742 319 2795; x_wconf 90' lang='lat' dir='ltr'><strong>de</strong></span> <span class='ocrx_word' id='word_1_308' title='bbox 338 2743 448 2794; x_wconf 89' lang='lat' dir='ltr'><strong>honoris</strong></span> <span class='ocrx_word' id='word_1_309' title='bbox 468 2744 509 2794; x_wconf 90' lang='lat' dir='ltr'><strong>sui</strong></span> <span class='ocrx_word' id='word_1_310' title='bbox 529 2744 614 2816; x_wconf 89' lang='lat' dir='ltr'><strong>gradu</strong></span> <span class='ocrx_word' id='word_1_311' title='bbox 633 2744 784 2809; x_wconf 85' lang='lat' dir='ltr'><strong>dejicimus.</strong></span> <span class='ocrx_word' id='word_1_312' title='bbox 823 2743 944 2796; x_wconf 87' lang='lat' dir='ltr'><strong>Proinde</strong></span> <span class='ocrx_word' id='word_1_313' title='bbox 970 2763 1019 2797; x_wconf 88' lang='lat' dir='ltr'><strong>nec</strong></span> <span class='ocrx_word' id='word_1_314' title='bbox 1046 2742 1179 2815; x_wconf 85' lang='lat' dir='ltr'><strong>cognosci</strong></span> 
     </span>
     <span class='ocr_line' id='line_1_34' title="bbox 95 2811 1178 2883; baseline 0.003 -22"><span class='ocrx_word' id='word_1_315' title='bbox 95 2830 171 2882; x_wconf 90' lang='lat' dir='ltr'><strong>neque</strong></span> <span class='ocrx_word' id='word_1_316' title='bbox 189 2811 328 2865; x_wconf 81' lang='lat' dir='ltr'><strong>nominari</strong></span> <span class='ocrx_word' id='word_1_317' title='bbox 346 2824 449 2883; x_wconf 90' lang='lat' dir='ltr'><strong>potest:</strong></span> <span class='ocrx_word' id='word_1_318' title='bbox 469 2829 529 2864; x_wconf 86' lang='lat' dir='ltr'><strong>nam</strong></span> <span class='ocrx_word' id='word_1_319' title='bbox 548 2813 599 2874; x_wconf 81' lang='lat' dir='ltr'><strong>hac</strong></span> <span class='ocrx_word' id='word_1_320' title='bbox 618 2829 727 2883; x_wconf 87' lang='lat' dir='ltr'><strong>quoque</strong></span> <span class='ocrx_word' id='word_1_321' title='bbox 745 2813 850 2864; x_wconf 88' lang='lat' dir='ltr'><strong>ratione</strong></span> <span class='ocrx_word' id='word_1_322' title='bbox 870 2813 953 2866; x_wconf 89' lang='lat' dir='ltr'><strong>multa</strong></span> <span class='ocrx_word' id='word_1_323' title='bbox 971 2825 1049 2866; x_wconf 85' lang='lat' dir='ltr'><strong>esset.</strong></span> <span class='ocrx_word' id='word_1_324' title='bbox 1067 2815 1109 2864; x_wconf 85' lang='lat' dir='ltr'><strong>An</strong></span> <span class='ocrx_word' id='word_1_325' title='bbox 1122 2813 1178 2880; x_wconf 79' lang='lat' dir='ltr'><strong>haec</strong></span> 
     </span>
     <span class='ocr_line' id='line_1_35' title="bbox 94 2881 1179 2953; baseline 0.002 -21"><span class='ocrx_word' id='word_1_326' title='bbox 94 2899 190 2953; x_wconf 89' lang='lat' dir='ltr'><strong>quoque</strong></span> <span class='ocrx_word' id='word_1_327' title='bbox 210 2883 239 2933; x_wconf 92' lang='lat' dir='ltr'><strong>in</strong></span> <span class='ocrx_word' id='word_1_328' title='bbox 258 2881 321 2933; x_wconf 89' lang='lat' dir='ltr'><strong>Uno</strong></span> <span class='ocrx_word' id='word_1_329' title='bbox 339 2881 487 2933; x_wconf 83' lang='lat' dir='ltr'><strong>secundum</strong></span> <span class='ocrx_word' id='word_1_330' title='bbox 506 2898 580 2935; x_wconf 88' lang='lat' dir='ltr'><strong>suam</strong></span> <span class='ocrx_word' id='word_1_331' title='bbox 605 2895 725 2935; x_wconf 87' lang='lat' dir='ltr'><strong>naturam</strong></span> <span class='ocrx_word' id='word_1_332' title='bbox 751 2882 869 2934; x_wconf 74' lang='lat' dir='ltr'><strong>insunt?</strong></span> <span class='ocrx_word' id='word_1_333' title='bbox 894 2882 981 2936; x_wconf 84' lang='lat' dir='ltr'><strong>Unius</strong></span> <span class='ocrx_word' id='word_1_334' title='bbox 1001 2899 1115 2952; x_wconf 89' lang='lat' dir='ltr'><strong>namque</strong></span> <span class='ocrx_word' id='word_1_335' title='bbox 1133 2898 1179 2934; x_wconf 90' lang='lat' dir='ltr'><strong>na-</strong></span> 
     </span>
     <span class='ocr_line' id='line_1_36' title="bbox 93 2947 1193 3030; baseline 0.004 -30"><span class='ocrx_word' id='word_1_336' title='bbox 93 2961 142 3003; x_wconf 89' lang='lat' dir='ltr'><strong>tura</strong></span> <span class='ocrx_word' id='word_1_337' title='bbox 158 2950 251 3004; x_wconf 88' lang='lat' dir='ltr'><strong>omnia</strong></span> <span class='ocrx_word' id='word_1_338' title='bbox 270 2947 396 3015; x_wconf 88' lang='lat' dir='ltr'><strong>cohibet,</strong></span> <span class='ocrx_word' id='word_1_339' title='bbox 416 2949 505 3002; x_wconf 89' lang='lat' dir='ltr'><strong>omnia</strong></span> <span class='ocrx_word' id='word_1_340' title='bbox 524 2949 680 3030; x_wconf 83' lang='lat' dir='ltr'><strong>progignit,</strong></span> <span class='ocrx_word' id='word_1_341' title='bbox 705 2967 793 3020; x_wconf 87' lang='lat' dir='ltr'><strong>neque</strong></span> <span class='ocrx_word' id='word_1_342' title='bbox 812 2950 878 3019; x_wconf 91' lang='lat' dir='ltr'><strong>quid</strong></span> <span class='ocrx_word' id='word_1_343' title='bbox 902 2967 961 3002; x_wconf 89' lang='lat' dir='ltr'><strong>uam</strong></span> <span class='ocrx_word' id='word_1_344' title='bbox 982 2964 1035 3014; x_wconf 88' lang='lat' dir='ltr'><strong>cst,</strong></span> <span class='ocrx_word' id='word_1_345' title='bbox 1058 2951 1126 3022; x_wconf 92' lang='lat' dir='ltr'><strong>quin</strong></span> <span class='ocrx_word' id='word_1_346' title='bbox 1144 2951 1193 3004; x_wconf 87' lang='lat' dir='ltr'><strong>sit·</strong></span> 
     </span>
     <span class='ocr_line' id='line_1_37' title="bbox 90 2967 1181 3091; baseline 0.004 -23"><span class='ocrx_word' id='word_1_347' title='bbox 90 3035 170 3072; x_wconf 88' lang='lat' dir='ltr'><strong>unum.</strong></span> <span class='ocrx_word' id='word_1_348' title='bbox 200 3017 419 3090; x_wconf 77' lang='lat' dir='ltr'><strong>Quamobrem</strong></span> <span class='ocrx_word' id='word_1_349' title='bbox 439 3019 528 3072; x_wconf 87' lang='lat' dir='ltr'><strong>omnia</strong></span> <span class='ocrx_word' id='word_1_350' title='bbox 552 3037 584 3071; x_wconf 81' lang='lat' dir='ltr'><strong>ex</strong></span> <span class='ocrx_word' id='word_1_351' title='bbox 610 3019 659 3072; x_wconf 83' lang='lat' dir='ltr'><strong>allo</strong></span> <span class='ocrx_word' id='word_1_352' title='bbox 679 3017 850 3071; x_wconf 84' lang='lat' dir='ltr'><strong>evolvuntur.</strong></span> <span class='ocrx_word' id='word_1_353' title='bbox 876 2967 946 3071; x_wconf 81' lang='lat' dir='ltr'><strong>illud</strong></span> <span class='ocrx_word' id='word_1_354' title='bbox 971 3021 1083 3091; x_wconf 86' lang='lat' dir='ltr'><strong>proprie</strong></span> <span class='ocrx_word' id='word_1_355' title='bbox 1106 3021 1181 3074; x_wconf 86' lang='lat' dir='ltr'><strong>cluet</strong></span> 
     </span>
     <span class='ocr_line' id='line_1_38' title="bbox 94 3087 1178 3160; baseline 0.006 -22"><span class='ocrx_word' id='word_1_356' title='bbox 94 3104 165 3142; x_wconf 86' lang='lat' dir='ltr'><strong>causa</strong></span> <span class='ocrx_word' id='word_1_357' title='bbox 183 3102 209 3142; x_wconf 89' lang='lat' dir='ltr'><strong>et</strong></span> <span class='ocrx_word' id='word_1_358' title='bbox 231 3087 365 3159; x_wconf 80' lang='lat' dir='ltr'><strong>primum3</strong></span> <span class='ocrx_word' id='word_1_359' title='bbox 383 3087 452 3138; x_wconf 88' lang='lat' dir='ltr'><strong>illud</strong></span> <span class='ocrx_word' id='word_1_360' title='bbox 477 3099 517 3138; x_wconf 86' lang='grc' dir='ltr'><strong>εει</strong></span> <span class='ocrx_word' id='word_1_361' title='bbox 538 3088 599 3140; x_wconf 88' lang='lat' dir='ltr'><strong>finis</strong></span> <span class='ocrx_word' id='word_1_362' title='bbox 619 3100 645 3140; x_wconf 89' lang='lat' dir='ltr'><strong>et</strong></span> <span class='ocrx_word' id='word_1_363' title='bbox 662 3098 825 3152; x_wconf 86' lang='lat' dir='ltr'><strong>extremum,</strong></span> <span class='ocrx_word' id='word_1_364' title='bbox 851 3087 920 3140; x_wconf 91' lang='lat' dir='ltr'><strong>illud</strong></span> <span class='ocrx_word' id='word_1_365' title='bbox 940 3089 1017 3158; x_wconf 89' lang='lat' dir='ltr'><strong>quasi</strong></span> <span class='ocrx_word' id='word_1_366' title='bbox 1037 3092 1119 3160; x_wconf 86' lang='lat' dir='ltr'><strong>pinna</strong></span> <span class='ocrx_word' id='word_1_367' title='bbox 1139 3089 1178 3144; x_wconf 80' lang='lat' dir='ltr'><strong>ia·</strong></span> 
     </span>
    </p>
   </div>
   <div class='ocr_carea' id='block_1_4' title="bbox 24 3154 1255 3296">
    <p class='ocr_par' dir='ltr' id='par_1_6' title="bbox 24 3154 1255 3296">
     <span class='ocr_line' id='line_1_39' title="bbox 24 3154 1255 3278; baseline -0.008 -72"><span class='ocrx_word' id='word_1_368' title='bbox 24 3207 25 3228; x_wconf 56' lang='lat'><strong>,</strong></span> <span class='ocrx_word' id='word_1_369' title='bbox 93 3157 244 3236; x_wconf 72' lang='lat' dir='ltr'><strong>stigiiimque</strong></span> <span class='ocrx_word' id='word_1_370' title='bbox 263 3155 298 3208; x_wconf 88' lang='lat' dir='ltr'><strong>ad</strong></span> <span class='ocrx_word' id='word_1_371' title='bbox 316 3175 398 3209; x_wconf 89' lang='lat' dir='ltr'><strong>unum</strong></span> <span class='ocrx_word' id='word_1_372' title='bbox 414 3154 548 3237; x_wconf 83' lang='lat' dir='ltr'><strong>Omnium,</strong></span> <span class='ocrx_word' id='word_1_373' title='bbox 567 3156 638 3208; x_wconf 89' lang='lat' dir='ltr'><strong>illud</strong></span> <span class='ocrx_word' id='word_1_374' title='bbox 657 3167 696 3208; x_wconf 90' lang='grc' dir='ltr'><strong>εει</strong></span> <span class='ocrx_word' id='word_1_375' title='bbox 714 3155 863 3238; x_wconf 77' lang='lat' dir='ltr'><strong>Multorum</strong></span> <span class='ocrx_word' id='word_1_376' title='bbox 880 3157 963 3238; x_wconf 73' lang='lat' dir='ltr'><strong>unica</strong></span> <span class='ocrx_word' id='word_1_377' title='bbox 980 3171 1076 3213; x_wconf 87' lang='lat' dir='ltr'><strong>natura</strong></span> <span class='ocrx_word' id='word_1_378' title='bbox 1093 3159 1180 3278; x_wconf 52' lang='grc' dir='ltr'><strong>(ἱερῇ.</strong></span> <span class='ocrx_word' id='word_1_379' title='bbox 1248 3214 1255 3224; x_wconf 90' lang='lat'><em>.</em></span> 
     </span>
     <span class='ocr_line' id='line_1_40' title="bbox 88 3225 1178 3296; baseline 0.002 -19"><span class='ocrx_word' id='word_1_380' title='bbox 88 3232 149 3290; x_wconf 62' lang='lat' dir='ltr'><strong>*turi</strong></span> <span class='ocrx_word' id='word_1_381' title='bbox 178 3244 236 3280; x_wconf 87' lang='lat' dir='ltr'><strong>non</strong></span> <span class='ocrx_word' id='word_1_382' title='bbox 260 3236 421 3290; x_wconf 80' lang='lat' dir='ltr'><strong>sanatura,</strong></span> <span class='ocrx_word' id='word_1_383' title='bbox 450 3244 507 3296; x_wconf 78' lang='lat' dir='ltr'><strong>que</strong></span> <span class='ocrx_word' id='word_1_384' title='bbox 525 3244 552 3276; x_wconf 83' lang='lat' dir='ltr'><strong>in</strong></span> <span class='ocrx_word' id='word_1_385' title='bbox 577 3226 632 3277; x_wconf 86' lang='lat' dir='ltr'><strong>haec</strong></span> <span class='ocrx_word' id='word_1_386' title='bbox 653 3225 759 3289; x_wconf 79' lang='lat' dir='ltr'><strong>(mults)</strong></span> <span class='ocrx_word' id='word_1_387' title='bbox 778 3225 813 3276; x_wconf 88' lang='lat' dir='ltr'><strong>ab</strong></span> <span class='ocrx_word' id='word_1_388' title='bbox 831 3241 894 3294; x_wconf 84' lang='lat' dir='ltr'><strong>ipso</strong></span> <span class='ocrx_word' id='word_1_389' title='bbox 912 3227 962 3279; x_wconf 87' lang='lat' dir='ltr'><strong>tllo</strong></span> <span class='ocrx_word' id='word_1_390' title='bbox 983 3229 1073 3292; x_wconf 85' lang='lat' dir='ltr'><strong>(Uno)</strong></span> <span class='ocrx_word' id='word_1_391' title='bbox 1093 3245 1107 3280; x_wconf 89' lang='lat' dir='ltr'><strong>a</strong></span> <span class='ocrx_word' id='word_1_392' title='bbox 1130 3239 1178 3291; x_wconf 86' lang='lat' dir='ltr'><strong>ut,</strong></span> 
     </span>
    </p>
   </div>
   <div class='ocr_carea' id='block_1_5' title="bbox 24 3293 1181 4199">
    <p class='ocr_par' dir='ltr' id='par_1_7' title="bbox 24 3293 1181 4199">
     <span class='ocr_line' id='line_1_41' title="bbox 93 3293 1178 3368; baseline 0.005 -25"><span class='ocrx_word' id='word_1_393' title='bbox 93 3294 134 3345; x_wconf 86' lang='lat' dir='ltr'><strong>aed</strong></span> <span class='ocrx_word' id='word_1_394' title='bbox 151 3313 208 3366; x_wconf 87' lang='lat' dir='ltr'><strong>quae</strong></span> <span class='ocrx_word' id='word_1_395' title='bbox 229 3311 290 3346; x_wconf 88' lang='lat' dir='ltr'><strong>cum</strong></span> <span class='ocrx_word' id='word_1_396' title='bbox 307 3293 359 3346; x_wconf 90' lang='lat' dir='ltr'><strong>ista</strong></span> <span class='ocrx_word' id='word_1_397' title='bbox 370 3295 519 3360; x_wconf 88' lang='lat' dir='ltr'><strong>antecedat,</strong></span> <span class='ocrx_word' id='word_1_398' title='bbox 539 3294 591 3346; x_wconf 87' lang='lat' dir='ltr'><strong>vim</strong></span> <span class='ocrx_word' id='word_1_399' title='bbox 608 3307 783 3364; x_wconf 89' lang='lat' dir='ltr'><strong>naturamque</strong></span> <span class='ocrx_word' id='word_1_400' title='bbox 802 3293 918 3347; x_wconf 88' lang='lat' dir='ltr'><strong>istorum</strong></span> <span class='ocrx_word' id='word_1_401' title='bbox 936 3296 1087 3368; x_wconf 80' lang='lat' dir='ltr'><strong>progignit3</strong></span> <span class='ocrx_word' id='word_1_402' title='bbox 1106 3296 1178 3349; x_wconf 90' lang='lat' dir='ltr'><strong>illud</strong></span> 
     </span>
     <span class='ocr_line' id='line_1_42' title="bbox 93 3362 1177 3436; baseline 0.006 -24"><span class='ocrx_word' id='word_1_403' title='bbox 93 3375 126 3414; x_wconf 87' lang='lat' dir='ltr'><strong>est</strong></span> <span class='ocrx_word' id='word_1_404' title='bbox 142 3365 253 3429; x_wconf 89' lang='lat' dir='ltr'><strong>mirum,</strong></span> <span class='ocrx_word' id='word_1_405' title='bbox 272 3373 403 3432; x_wconf 86' lang='lat' dir='ltr'><strong>quantum</strong></span> <span class='ocrx_word' id='word_1_406' title='bbox 421 3362 590 3417; x_wconf 87' lang='lat' dir='ltr'><strong>individuum</strong></span> <span class='ocrx_word' id='word_1_407' title='bbox 609 3379 735 3417; x_wconf 86' lang='lat' dir='ltr'><strong>cacumen</strong></span> <span class='ocrx_word' id='word_1_408' title='bbox 753 3378 870 3428; x_wconf 32' lang='lat' dir='ltr'><strong>aeorum,</strong></span> <span class='ocrx_word' id='word_1_409' title='bbox 901 3383 968 3436; x_wconf 77' lang='lat' dir='ltr'><strong>qus,</strong></span> <span class='ocrx_word' id='word_1_410' title='bbox 997 3383 1052 3435; x_wconf 89' lang='lat' dir='ltr'><strong>quo</strong></span> <span class='ocrx_word' id='word_1_411' title='bbox 1071 3366 1177 3419; x_wconf 87' lang='lat' dir='ltr'><strong>demum</strong></span> 
     </span>
     <span class='ocr_line' id='line_1_43' title="bbox 24 3429 1177 3506; baseline 0.006 -27"><span class='ocrx_word' id='word_1_412' title='bbox 24 3493 25 3496; x_wconf 8' lang='grc' dir='ltr'><strong>Ἴ</strong></span> <span class='ocrx_word' id='word_1_413' title='bbox 92 3429 150 3484; x_wconf 88' lang='lat' dir='ltr'><strong>libet</strong></span> <span class='ocrx_word' id='word_1_414' title='bbox 166 3431 264 3498; x_wconf 88' lang='lat' dir='ltr'><strong>modo,</strong></span> <span class='ocrx_word' id='word_1_415' title='bbox 285 3429 381 3483; x_wconf 90' lang='lat' dir='ltr'><strong>Omnia</strong></span> <span class='ocrx_word' id='word_1_416' title='bbox 399 3431 507 3498; x_wconf 82' lang='lat' dir='ltr'><strong>cluent3</strong></span> <span class='ocrx_word' id='word_1_417' title='bbox 535 3432 602 3483; x_wconf 91' lang='lat' dir='ltr'><strong>illud</strong></span> <span class='ocrx_word' id='word_1_418' title='bbox 621 3443 661 3484; x_wconf 90' lang='lat' dir='ltr'><strong>est</strong></span> <span class='ocrx_word' id='word_1_419' title='bbox 680 3431 808 3486; x_wconf 86' lang='lat' dir='ltr'><strong>maximus</strong></span> <span class='ocrx_word' id='word_1_420' title='bbox 836 3431 951 3486; x_wconf 87' lang='lat' dir='ltr'><strong>ambitus</strong></span> <span class='ocrx_word' id='word_1_421' title='bbox 982 3451 1090 3500; x_wconf 88' lang='lat' dir='ltr'><strong>eorum,</strong></span> <span class='ocrx_word' id='word_1_422' title='bbox 1120 3452 1177 3506; x_wconf 88' lang='lat' dir='ltr'><strong>quae</strong></span> 
     </span>
     <span class='ocr_line' id='line_1_44' title="bbox 24 3499 1178 3572; baseline 0.005 -22"><span class='ocrx_word' id='word_1_423' title='bbox 24 3507 25 3540; x_wconf 58' lang='grc' dir='ltr'>ἲ</span> <span class='ocrx_word' id='word_1_424' title='bbox 94 3516 140 3568; x_wconf 85' lang='lat' dir='ltr'><strong>quo</strong></span> <span class='ocrx_word' id='word_1_425' title='bbox 159 3501 264 3554; x_wconf 88' lang='lat' dir='ltr'><strong>demum</strong></span> <span class='ocrx_word' id='word_1_426' title='bbox 283 3499 349 3552; x_wconf 84' lang='lat' dir='ltr'><strong>libet</strong></span> <span class='ocrx_word' id='word_1_427' title='bbox 366 3500 448 3552; x_wconf 90' lang='lat' dir='ltr'><strong>modo</strong></span> <span class='ocrx_word' id='word_1_428' title='bbox 467 3499 534 3552; x_wconf 85' lang='lat' dir='ltr'><strong>Tota</strong></span> <span class='ocrx_word' id='word_1_429' title='bbox 545 3499 690 3572; x_wconf 87' lang='lat' dir='ltr'><strong>Solidaque</strong></span> <span class='ocrx_word' id='word_1_430' title='bbox 709 3501 847 3558; x_wconf 87' lang='lat' dir='ltr'><strong>dicuntur.</strong></span> <span class='ocrx_word' id='word_1_431' title='bbox 875 3501 929 3555; x_wconf 88' lang='lat' dir='ltr'><strong>Sed</strong></span> <span class='ocrx_word' id='word_1_432' title='bbox 941 3501 963 3554; x_wconf 88' lang='lat' dir='ltr'><strong>si</strong></span> <span class='ocrx_word' id='word_1_433' title='bbox 981 3503 1070 3556; x_wconf 87' lang='lat' dir='ltr'><strong>Unum</strong></span> <span class='ocrx_word' id='word_1_434' title='bbox 1089 3503 1178 3556; x_wconf 89' lang='lat' dir='ltr'><strong>omnia</strong></span> 
     </span>
     <span class='ocr_line' id='line_1_45' title="bbox 95 3567 1181 3639; baseline 0.007 -23"><span class='ocrx_word' id='word_1_435' title='bbox 95 3567 163 3622; x_wconf 87' lang='lat' dir='ltr'><strong>efficit</strong></span> <span class='ocrx_word' id='word_1_436' title='bbox 187 3583 214 3622; x_wconf 88' lang='lat' dir='ltr'><strong>et</strong></span> <span class='ocrx_word' id='word_1_437' title='bbox 238 3569 372 3634; x_wconf 76' lang='lat' dir='ltr'><strong>continet,</strong></span> <span class='ocrx_word' id='word_1_438' title='bbox 395 3572 443 3639; x_wconf 85' lang='lat' dir='ltr'><strong>qui</strong></span> <span class='ocrx_word' id='word_1_439' title='bbox 470 3587 503 3622; x_wconf 88' lang='lat' dir='ltr'><strong>eo</strong></span> <span class='ocrx_word' id='word_1_440' title='bbox 523 3569 645 3622; x_wconf 87' lang='lat' dir='ltr'><strong>Ulterius</strong></span> <span class='ocrx_word' id='word_1_441' title='bbox 671 3567 867 3638; x_wconf 74' lang='lat' dir='ltr'><strong>assequimur?</strong></span> <span class='ocrx_word' id='word_1_442' title='bbox 891 3571 977 3623; x_wconf 86' lang='lat' dir='ltr'><strong>llllodo</strong></span> <span class='ocrx_word' id='word_1_443' title='bbox 1002 3589 1034 3623; x_wconf 90' lang='lat' dir='ltr'><strong>ne</strong></span> <span class='ocrx_word' id='word_1_444' title='bbox 1052 3572 1078 3622; x_wconf 89' lang='lat' dir='ltr'><strong>in</strong></span> <span class='ocrx_word' id='word_1_445' title='bbox 1096 3575 1181 3624; x_wconf 81' lang='lat' dir='ltr'><strong>inane</strong></span> 
     </span>
     <span class='ocr_line' id='line_1_46' title="bbox 94 3636 1177 3710; baseline 0.006 -24"><span class='ocrx_word' id='word_1_446' title='bbox 94 3654 274 3704; x_wconf 84' lang='lat' dir='ltr'><strong>excurramus,</strong></span> <span class='ocrx_word' id='word_1_447' title='bbox 298 3641 326 3691; x_wconf 91' lang='lat' dir='ltr'><strong>in</strong></span> <span class='ocrx_word' id='word_1_448' title='bbox 349 3636 439 3708; x_wconf 88' lang='lat' dir='ltr'><strong>ipsum</strong></span> <span class='ocrx_word' id='word_1_449' title='bbox 458 3637 578 3690; x_wconf 89' lang='lat' dir='ltr'><strong>Nihilum</strong></span> <span class='ocrx_word' id='word_1_450' title='bbox 603 3639 805 3692; x_wconf 87' lang='lat' dir='ltr'><strong>contendentes.</strong></span> <span class='ocrx_word' id='word_1_451' title='bbox 833 3637 924 3710; x_wconf 76' lang='lat' dir='ltr'><strong>,Quod</strong></span> <span class='ocrx_word' id='word_1_452' title='bbox 949 3642 1016 3691; x_wconf 87' lang='lat' dir='ltr'><strong>enim</strong></span> <span class='ocrx_word' id='word_1_453' title='bbox 1042 3657 1072 3692; x_wconf 92' lang='lat' dir='ltr'><strong>oe</strong></span> <span class='ocrx_word' id='word_1_454' title='bbox 1094 3658 1177 3693; x_wconf 87' lang='lat' dir='ltr'><strong>unum</strong></span> 
     </span>
     <span class='ocr_line' id='line_1_47' title="bbox 95 3705 1177 3789; baseline 0.006 -33"><span class='ocrx_word' id='word_1_455' title='bbox 95 3706 192 3774; x_wconf 89' lang='lat' dir='ltr'><strong>quidem</strong></span> <span class='ocrx_word' id='word_1_456' title='bbox 211 3719 265 3772; x_wconf 90' lang='grc' dir='ltr'><strong>εει,</strong></span> <span class='ocrx_word' id='word_1_457' title='bbox 294 3709 348 3760; x_wconf 91' lang='lat' dir='ltr'><strong>hoc</strong></span> <span class='ocrx_word' id='word_1_458' title='bbox 377 3719 467 3759; x_wconf 81' lang='lat' dir='ltr'><strong>exacte</strong></span> <span class='ocrx_word' id='word_1_459' title='bbox 485 3708 674 3761; x_wconf 87' lang='lat' dir='ltr'><strong>omninonou</strong></span> <span class='ocrx_word' id='word_1_460' title='bbox 701 3720 750 3760; x_wconf 88' lang='lat' dir='ltr'><strong>est.</strong></span> <span class='ocrx_word' id='word_1_461' title='bbox 790 3705 903 3789; x_wconf 75' lang='lat' dir='ltr'><strong>Quinam</strong></span> <span class='ocrx_word' id='word_1_462' title='bbox 927 3707 987 3760; x_wconf 86' lang='lat' dir='ltr'><strong>ficri</strong></span> <span class='ocrx_word' id='word_1_463' title='bbox 1011 3709 1122 3780; x_wconf 74' lang='lat' dir='ltr'><strong>poisit,</strong></span> <span class='ocrx_word' id='word_1_464' title='bbox 1146 3721 1177 3762; x_wconf 91' lang='lat' dir='ltr'><strong>ut</strong></span> 
     </span>
     <span class='ocr_line' id='line_1_48' title="bbox 94 3773 1176 3852; baseline 0.006 -29"><span class='ocrx_word' id='word_1_465' title='bbox 94 3791 141 3827; x_wconf 87' lang='lat' dir='ltr'><strong>uno</strong></span> <span class='ocrx_word' id='word_1_466' title='bbox 157 3777 272 3834; x_wconf 86' lang='lat' dir='ltr'><strong>ulterius</strong></span> <span class='ocrx_word' id='word_1_467' title='bbox 290 3775 437 3847; x_wconf 88' lang='lat' dir='ltr'><strong>quidquam</strong></span> <span class='ocrx_word' id='word_1_468' title='bbox 455 3773 512 3834; x_wconf 73' lang='lat' dir='ltr'><strong>sit?</strong></span> <span class='ocrx_word' id='word_1_469' title='bbox 540 3776 650 3830; x_wconf 90' lang='lat' dir='ltr'><strong>Nullius</strong></span> <span class='ocrx_word' id='word_1_470' title='bbox 678 3777 747 3829; x_wconf 88' lang='lat' dir='ltr'><strong>enim</strong></span> <span class='ocrx_word' id='word_1_471' title='bbox 769 3777 839 3828; x_wconf 84' lang='lat' dir='ltr'><strong>alius</strong></span> <span class='ocrx_word' id='word_1_472' title='bbox 867 3777 906 3829; x_wconf 93' lang='lat' dir='ltr'><strong>rei</strong></span> <span class='ocrx_word' id='word_1_473' title='bbox 930 3775 1018 3832; x_wconf 86' lang='lat' dir='ltr'><strong>llllulta</strong></span> <span class='ocrx_word' id='word_1_474' title='bbox 1044 3779 1176 3852; x_wconf 85' lang='lat' dir='ltr'><strong>indigent,</strong></span> 
     </span>
     <span class='ocr_line' id='line_1_49' title="bbox 95 3843 1178 3916; baseline 0.007 -25"><span class='ocrx_word' id='word_1_475' title='bbox 95 3843 138 3894; x_wconf 86' lang='lat' dir='ltr'><strong>nisi</strong></span> <span class='ocrx_word' id='word_1_476' title='bbox 153 3845 259 3912; x_wconf 67' lang='lat' dir='ltr'><strong>Unius,</strong></span> <span class='ocrx_word' id='word_1_477' title='bbox 280 3861 358 3914; x_wconf 87' lang='lat' dir='ltr'><strong>quam</strong></span> <span class='ocrx_word' id='word_1_478' title='bbox 378 3843 489 3897; x_wconf 89' lang='lat' dir='ltr'><strong>obrem</strong></span> <span class='ocrx_word' id='word_1_479' title='bbox 509 3845 596 3899; x_wconf 90' lang='lat' dir='ltr'><strong>solum</strong></span> <span class='ocrx_word' id='word_1_480' title='bbox 615 3846 703 3897; x_wconf 89' lang='lat' dir='ltr'><strong>Unum</strong></span> <span class='ocrx_word' id='word_1_481' title='bbox 724 3860 805 3898; x_wconf 90' lang='lat' dir='ltr'><strong>causa</strong></span> <span class='ocrx_word' id='word_1_482' title='bbox 822 3846 965 3900; x_wconf 89' lang='lat' dir='ltr'><strong>multorum</strong></span> <span class='ocrx_word' id='word_1_483' title='bbox 985 3860 1042 3916; x_wconf 85' lang='lat' dir='ltr'><strong>est3</strong></span> <span class='ocrx_word' id='word_1_484' title='bbox 1061 3849 1124 3902; x_wconf 91' lang='lat' dir='ltr'><strong>ideo</strong></span> <span class='ocrx_word' id='word_1_485' title='bbox 1145 3865 1178 3900; x_wconf 86' lang='lat' dir='ltr'><strong>ue</strong></span> 
     </span>
     <span class='ocr_line' id='line_1_50' title="bbox 96 3867 1176 3984; baseline 0.009 -24"><span class='ocrx_word' id='word_1_486' title='bbox 96 3909 173 3965; x_wconf 87' lang='lat' dir='ltr'><strong>Unum</strong></span> <span class='ocrx_word' id='word_1_487' title='bbox 199 3916 292 3984; x_wconf 85' lang='lat' dir='ltr'><strong>ntique</strong></span> <span class='ocrx_word' id='word_1_488' title='bbox 323 3929 421 3976; x_wconf 89' lang='lat' dir='ltr'><strong>causa,</strong></span> <span class='ocrx_word' id='word_1_489' title='bbox 449 3916 514 3984; x_wconf 87' lang='lat' dir='ltr'><strong>qnia</strong></span> <span class='ocrx_word' id='word_1_490' title='bbox 538 3915 687 3968; x_wconf 82' lang='lat' dir='ltr'><strong>Multorum</strong></span> <span class='ocrx_word' id='word_1_491' title='bbox 712 3931 793 3970; x_wconf 90' lang='lat' dir='ltr'><strong>causa</strong></span> <span class='ocrx_word' id='word_1_492' title='bbox 816 3914 904 3969; x_wconf 88' lang='lat' dir='ltr'><strong>solum</strong></span> <span class='ocrx_word' id='word_1_493' title='bbox 926 3915 953 3966; x_wconf 86' lang='lat' dir='ltr'><strong>in</strong></span> <span class='ocrx_word' id='word_1_494' title='bbox 977 3915 1066 3970; x_wconf 90' lang='lat' dir='ltr'><strong>Unum</strong></span> <span class='ocrx_word' id='word_1_495' title='bbox 1093 3867 1176 3970; x_wconf 74' lang='lat' dir='ltr'><strong>cadit.</strong></span> 
     </span>
     <span class='ocr_line' id='line_1_51' title="bbox 97 3977 1179 4058; baseline 0.008 -30"><span class='ocrx_word' id='word_1_496' title='bbox 97 3977 168 4035; x_wconf 79' lang='lat' dir='ltr'><strong>Certe</strong></span> <span class='ocrx_word' id='word_1_497' title='bbox 184 3983 274 4053; x_wconf 89' lang='lat' dir='ltr'><strong>ipsum</strong></span> <span class='ocrx_word' id='word_1_498' title='bbox 291 3981 412 4034; x_wconf 85' lang='lat' dir='ltr'><strong>Nihilum</strong></span> <span class='ocrx_word' id='word_1_499' title='bbox 433 4001 484 4035; x_wconf 89' lang='lat' dir='ltr'><strong>non</strong></span> <span class='ocrx_word' id='word_1_500' title='bbox 501 3996 543 4036; x_wconf 82' lang='grc' dir='ltr'><strong>ἐει</strong></span> <span class='ocrx_word' id='word_1_501' title='bbox 563 3999 658 4051; x_wconf 90' lang='lat' dir='ltr'><strong>causa,</strong></span> <span class='ocrx_word' id='word_1_502' title='bbox 687 3985 785 4056; x_wconf 85' lang='lat' dir='ltr'><strong>quippe</strong></span> <span class='ocrx_word' id='word_1_503' title='bbox 813 3983 890 4054; x_wconf 87' lang='lat' dir='ltr'><strong>quod</strong></span> <span class='ocrx_word' id='word_1_504' title='bbox 914 3983 952 4036; x_wconf 90' lang='lat' dir='ltr'><strong>nil</strong></span> <span class='ocrx_word' id='word_1_505' title='bbox 971 3986 1110 4058; x_wconf 86' lang='lat' dir='ltr'><strong>quidpiam</strong></span> <span class='ocrx_word' id='word_1_506' title='bbox 1128 3985 1179 4038; x_wconf 86' lang='lat' dir='ltr'><strong>effi·</strong></span> 
     </span>
     <span class='ocr_line' id='line_1_52' title="bbox 97 4049 1177 4124; baseline 0.007 -26"><span class='ocrx_word' id='word_1_507' title='bbox 97 4049 140 4101; x_wconf 83' lang='lat' dir='ltr'><strong>eit:</strong></span> <span class='ocrx_word' id='word_1_508' title='bbox 159 4070 246 4122; x_wconf 89' lang='lat' dir='ltr'><strong>neque</strong></span> <span class='ocrx_word' id='word_1_509' title='bbox 269 4067 333 4103; x_wconf 87' lang='lat' dir='ltr'><strong>vero</strong></span> <span class='ocrx_word' id='word_1_510' title='bbox 353 4052 437 4104; x_wconf 80' lang='lat' dir='ltr'><strong>Multa</strong></span> <span class='ocrx_word' id='word_1_511' title='bbox 461 4051 521 4124; x_wconf 84' lang='lat' dir='ltr'><strong>ipsa</strong></span> <span class='ocrx_word' id='word_1_512' title='bbox 548 4065 608 4106; x_wconf 89' lang='lat' dir='ltr'><strong>sunt</strong></span> <span class='ocrx_word' id='word_1_513' title='bbox 636 4070 730 4120; x_wconf 82' lang='lat' dir='ltr'><strong>cauaa3</strong></span> <span class='ocrx_word' id='word_1_514' title='bbox 752 4069 811 4106; x_wconf 83' lang='lat' dir='ltr'><strong>nam</strong></span> <span class='ocrx_word' id='word_1_515' title='bbox 835 4057 889 4124; x_wconf 80' lang='lat' dir='ltr'><strong>qud</strong></span> <span class='ocrx_word' id='word_1_516' title='bbox 911 4053 998 4109; x_wconf 83' lang='lat' dir='ltr'><strong>Multa</strong></span> <span class='ocrx_word' id='word_1_517' title='bbox 1022 4066 1098 4120; x_wconf 89' lang='lat' dir='ltr'><strong>sunt,</strong></span> <span class='ocrx_word' id='word_1_518' title='bbox 1122 4072 1177 4107; x_wconf 89' lang='lat' dir='ltr'><strong>nnn</strong></span> 
     </span>
     <span class='ocr_line' id='line_1_53' title="bbox 97 4119 1178 4199; baseline 0.01 -33"><span class='ocrx_word' id='word_1_519' title='bbox 97 4127 211 4175; x_wconf 83' lang='lat' dir='ltr'><strong>tenentur</strong></span> <span class='ocrx_word' id='word_1_520' title='bbox 228 4121 387 4190; x_wconf 81' lang='lat' dir='ltr'><strong>conjuncta3</strong></span> <span class='ocrx_word' id='word_1_521' title='bbox 407 4133 537 4191; x_wconf 79' lang='lat' dir='ltr'><strong>preterea</strong></span> <span class='ocrx_word' id='word_1_522' title='bbox 551 4119 636 4199; x_wconf 78' lang='lat' dir='ltr'><strong>lllulta</strong></span> <span class='ocrx_word' id='word_1_523' title='bbox 655 4137 710 4174; x_wconf 89' lang='lat' dir='ltr'><strong>non</strong></span> <span class='ocrx_word' id='word_1_524' title='bbox 725 4135 913 4192; x_wconf 86' lang='lat' dir='ltr'><strong>tanquamuns</strong></span> <span class='ocrx_word' id='word_1_525' title='bbox 926 4139 1007 4178; x_wconf 87' lang='lat' dir='ltr'><strong>causa</strong></span> <span class='ocrx_word' id='word_1_526' title='bbox 1021 4125 1178 4178; x_wconf 86' lang='lat' dir='ltr'><strong>eminerent·</strong></span> 
     </span>
    </p>
   </div>
   <div class='ocr_carea' id='block_1_6' title="bbox 0 0 1416 4838">
    <p class='ocr_par' dir='ltr' id='par_1_8' title="bbox 0 0 1416 4838">
     <span class='ocr_line' id='line_1_54' title="bbox 0 0 1416 4838; baseline 0 0"><span class='ocrx_word' id='word_1_527' title='bbox 0 0 1416 4838; x_wconf 95' lang='lat' dir='ltr'><strong> </strong></span> 
     </span>
    </p>
   </div>
  </div>
 </body>
</html>
