2824 4838
1118 277 1159 344 17

70 454 249 544 ἀντιλαβὴν,
274 455 352 542 μηδὲ
383 455 535 541 ὑποψίαν.
573 453 644 524 οῦδὲ
671 451 728 541 γίιρ
754 453 848 540 μόνον
879 456 1053 544 όγνωστον,
1082 457 1158 525 αῦτό

12 607 14 614 ·
67 568 177 652 φαμὲν,
198 573 252 632 ἵνα
272 559 353 631 νίλλό
372 581 404 632 τί
424 561 458 630 {iv
480 569 531 658 έγη
553 562 645 648 φῦσιν
665 561 701 630 τό
724 561 893 650 ι’ίγνωστον,
920 564 991 632 ἀλλ’
1014 565 1085 634 οὐδὲ
1107 565 1159 644 όν,

68 675 134 742 οῦῦε
155 702 208 755 εν,
235 673 306 740 ουόε
327 669 443 753 πόντιε,
474 672 548 739 οὐδὲ
574 670 667 761 ἆργέγν
692 677 752 740 τῶν
775 673 895 760 πάντων
924 673 992 740 οῦδὲ
1022 679 1159 740 ἐπέκεινα

65 786 205 864 πάντων,
229 781 305 850 οῦὺέ
323 810 354 848 τι
372 779 478 856 ἁπλῶς
500 781 642 868 όξιοῦμεν
667 781 767 849 αὑτοῦ
787 795 977 868 κατηγορεῖν·
1004 781 1062 847 οῦκ
1090 773 1158 862 οῦν,

66 893 133 961 οῦδὲ
154 895 261 958 ταῦτα
283 889 376 974 φύσις
397 885 474 954 αῦτό
495 885 530 954 τό
551 887 643 956 οῦδὲν
662 891 714 955 καί
735 885 770 954 τὸ
785 892 925 954 ἐπέκεινα
945 888 1083 956 πόντων.
1105 881 1172 955 καί

66 999 98 1068 τό
117 1002 299 1088 ὑπεραίτιον
318 1002 370 1064 καί
390 996 427 1063 τό
447 994 639 1064 ἀσύντακτον
658 992 735 1082 πρός
759 999 872 1062 πάντα.
900 995 974 1078 οὑδὲ
995 995 1033 1062 τὰ
1052 1001 1168 1062 τοιαῦ-,

66 1139 98 1176 τα
121 1107 218 1195 φύσις
240 1107 358 1185 αὑτοῦ,
391 1102 470 1174 m&
495 1101 587 1189 μόνον
615 1104 781 1190 ἀναιρέσεις
801 1111 861 1170 τῶν
886 1106 951 1189 μετ’
974 1105 1062 1172 αῦτό·
1093 1101 1168 1182 παῦς’

65 1209 115 1284 οῦν
136 1219 267 1303 λέγομέν
286 1241 317 1280 τι
334 1214 402 1301 περί
423 1211 521 1280 αὑτοῦ
548 1209 570 1298 ἢ
594 1207 656 1279 ότι
681 1209 719 1278 τό
735 1211 811 1299 μετὰ
828 1218 924 1280 ταῦτα
945 1214 1157 1310 γινώσκοντες,

65 1323 135 1394 αῦτό
160 1328 259 1390 τοῦτο
281 1347 317 1388 το
347 1322 482 1398 ὁπωςοῦν
504 1316 678 1404 γινώσκειν,
706 1318 887 1407 ιἰτιμόζαμεν
906 1322 989 1386 αῦτιί
1007 1323 1082 1408 πρὸς
1102 1321 1158 1404 τὴν

65 1441 171 1503 θέσιν.
193 1439 246 1499 ἵνα
267 1425 365 1507 οὑτως
391 1423 466 1502 είπαι
486 1431 543 1496 τοῦ
563 1425 663 1514 πόντη
694 1428 845 1516 ἄρρητον·
876 1431 916 1506 ὡς
936 1427 993 1518 γὰρ
1016 1427 1053 1497 τό
1075 1430 1158 1506 τινός

65 1543 202 1629 γνώσεως
224 1543 360 1606 ἐπέκεινα
380 1538 515 1621 κρεῖττόν
535 1540 599 1604 ι’·στι
622 1539 677 1602 τοῦ
700 1536 751 1604 ὑπ’
770 1535 866 1624 αὐτῆς
885 1543 1078 1626 αἱρουμένου,
1102 1533 1156 1604 οῦ-

65 1681 101 1718 τω
139 1652 196 1716 καὶ
229 1646 267 1714 τό
300 1649 400 1732 πόσης
438 1646 582 1720 ὑπονοίας
617 1649 756 1712 ἐπέκεινα
779 1645 827 1714 δεῖ
852 1647 931 1714 εἶναι
957 1647 1157 1733 σεμνότατον,

65 1758 129 1824 οὐδὲ
160 1750 223 1836 ἱί,τι
250 1749 425 1838 σεμνότερόν
451 1756 516 1818 ἐστι
538 1749 767 1836 γινωσκόμενον,
801 1751 880 1818 ἀλλὰ
906 1751 943 1818 τὸ
973 1756 1157 1838 σεμνότατον

63 1872 126 1952 ἔχεν
147 1867 193 1940 ὡς
214 1866 248 1928 ἓν
269 1862 338 1945 ἡμῖν
359 1861 412 1926 καὶ
434 1859 473 1934 ὡς
490 1859 634 1946 ἡμέτερον
658 1858 815 1944 πάθημα.
842 1866 894 1955 καὶ
919 1866 1034 1943 θαῦμα
1062 1868 1156 1930 τοῦτο

64 1975 225 2062 λεγόμενον
242 1969 326 2052 αὐτῷ
348 1972 391 2052 τῷ
411 1964 509 2051 πόντη
534 1966 662 2053 ἇλήπτῳ
682 1981 752 2046 ταῖς
771 1971 930 2058 ἡμετέραις
950 1975 1093 2048 ἐννοίαις·
1116 1972 1158 2038 δι’

62 2083 229 2169 ἀναλογίας
251 2077 321 2164 γάρ·
341 2082 368 2142 εῖ
388 2072 424 2141 τό
445 2080 490 2158 πη
511 2071 588 2142 κατό
610 2073 647 2142 τό
666 2088 800 2163 κρεῖττον
821 2076 975 2165 ἄγνωστον
995 2077 1159 2166 ὑπέρτερόν

61 2197 123 2258 ε’στι
150 2193 211 2254 τοῦ
236 2183 340 2270 ,πόντη
368 2188 520 2270 γνωστοῦ,
549 2182 585 2250 τό
605 2183 704 2270 πόντη
720 2187 748 2262 ⁹)
779 2183 839 2272 ἄρα
865 2183 943 2252 κατὰ
970 2183 1005 2252 τό
1025 2198 1159 2270 κρεῖττον

60 2301 217 2385 ίίγνυστον
245 2295 413 2380 ὑπέρτατον
441 2291 553 2380 ἀνάγκη
581 2291 756 2378 ὁμολογεῖν,
790 2290 848 2358 κίίν
877 2297 973 2360 έκεῖνο
998 2289 1040 2378 μὴ
1063 2292 1097 2360 δέ
1122 2292 1156 2360 τό

60 2409 234 2492 ὑπέρτατον
251 2405 312 2495 έγη,
333 2399 419 2486 μηδὲ
439 2397 476 2465 τὸ
496 2396 668 2484 κράτιστον,
689 2399 731 2486 μη
752 2399 785 2466 δὲ
806 2401 842 2466 τὸ
863 2401 1062 2486 σεμνότατον·
1084 2403 1159 2488 ἡμέ-

60 2541 132 2604 τερα
154 2509 218 2600 γὰρ
239 2514 335 2576 ταῦτα
357 2505 571 2594 ὁμολογήματα
591 2511 672 2595 περί·
685 2513 817 2588 ἐκείνου,
843 2509 862 2576 ὁ
880 2508 980 2596 πάντη
1001 2510 1160 2598 διαφεύγει

61 2621 113 2699 τὰς
133 2623 286 2706 ἡμετέρας
307 2622 421 2690 ἐννοίας
448 2617 480 2680 τὲ
509 2618 560 2680 καί
581 2616 743 2692 ὑπονοίας.
766 2621 809 2700 τῷ
830 2613 884 2703 γίνρ
903 2616 998 2701 μηδὲν
1020 2619 1160 2684 ὑπονοεῖν

61 2733 144 2816 αῦτῷ
161 2723 264 2806 τούτῳ
276 2726 317 2807 ¹⁰)
340 2723 546 2824 ὁμολογοῦμεν
567 2723 645 2790 εἶναι
666 2721 741 2816 αῦτό
757 2725 1032 2811 θαυμαστότατον·
1060 2733 1088 2792 εί
1102 2724 1160 2812 γόρ

62 2842 135 2922 nst)
159 2839 365 2918 ὑπενοοῦμεν,
392 2834 558 2919 ἐζητοῦμεν
577 2837 629 2898 καί
649 2831 727 2898 ίίλλο
753 2831 815 2917 πρὸ
841 2837 896 2918 τῆς
918 2835 1078 2911 ὑπονοίας.
1109 2839 1161 2900 καί

60 2947 128 3034 ἤτοι
150 2951 202 3012 ἐπ’
225 2939 364 3030 ίίπειρον,
392 2940 421 3026 ἢ
438 2939 555 3025 οἷνοίγκη
577 2944 610 3009 ἒν
631 2945 674 3024 τῷ
694 2941 885 3008 παντάπασιν
905 2941 1023 3029 ἆρῥέμῳ
1045 2948 1161 3029 στῆναι.

134 3046 215 3138 Ἀρα
244 3040 298 3117 οῦν
325 3048 541 3133 ἆποῦείκνυμέν
569 3077 600 3118 τι
627 3052 698 3140 περί
727 3055 857 3131 ἐκείνου,
883 3053 933 3118 καί
959 3055 1044 3117 ἔστιν
1067 3058 1160 3120 ἐκεῖνο
1173 3075 1240 3147 Gap,

63 3156 267 3238 ἇποόεικτόν,
288 3148 361 3243 ῦπερ
384 3155 455 3246 οὐδὲ
478 3142 661 3241 ὑπονοητόν
675 3157 754 3225 εἶναι
773 3156 930 3243 ἇξιοῦμεν;
951 3158 971 3245 ἢ
991 3164 1085 3226 ταῦτα
1107 3162 1162 3245 μὲν
1196 3160 1226 3214 ²·

63 3272 205 3358 λέγοντες
227 3264 440 3348 ἂποῦείννυμεν
461 3266 603 3350 καὶπερὶ
625 3268 757 3346 ἐκείνου,
786 3265 853 3332 ἄλλ’
875 3265 934 3332 οὑν
954 3271 1066 3349 ἐκεῖνο,
1088 3227 1261 3337 οὕδὲρᾶε’8

64 3375 97 3444 τό
121 3371 310 3443 ἀποῦεικτόν
332 3376 363 3438 ὃν
383 3375 504 3454 ἐκείνῳγ
533 3369 604 3436 οῦδὲ
630 3369 686 3456 γὰρ
707 3369 784 3438 ἄλλο
806 3401 836 3439 τι
857 3373 933 3440 οὐδε
958 3401 1053 3442 εκεννο
1084 3379 1165 3444 ἐστίν

64 3489 93 3550 ἓν
113 3485 214 3567 αῦτῷ,
238 3479 307 3547 οῦδὲ
325 3477 402 3546 αὐτὸ
415 3480 459 3558 ¹),
482 3477 519 3544 οῦ
538 3476 616 3545 κατό
635 3477 847 3568 τὴνὴμετέραν
868 3482 1085 3569 ιἰποῦείκνυμεν
1095 3487 1164 3572 περί

127 3670 164 3738 9)
186 3662 289 3717 Hamb.
306 3661 390 3714 πάντα
408 3659 467 3734 ἄρα.
486 3661 563 3715 Mon.
582 3678 645 3715 mox
662 3664 730 3732 μηδὲ
748 3643 859 3734 εειυμω·
872 3666 979 3720 scribit.

113 3740 165 3802 ιο)
186 3733 287 3786 Ηεαιί).
306 3731 406 3802 τὸγὰρ
424 3753 452 3801 μ.
474 3750 499 3786 ν.
519 3729 587 3799 αῦτρι
607 3734 687 3784 τοῦτο
701 3731 749 3801 κὸμ.

118 3808 168 3870 ιι)
188 3804 267 3855 Mon.
284 3822 312 3853 τι
329 3818 382 3855 om.
401 3813 427 3853 et
446 3818 506 3854 mox
525 3799 672 3872 ἀπορρήτῳ,

134 3881 162 3938 ι)
185 3873 306 3942 Uterque
337 3870 409 3923 liber
431 3871 475 3934 οὑ,
498 3869 574 3941 quod
595 3870 714 3924 fortasse
738 3873 765 3924 in
792 3873 808 3926 ὃ
831 3874 1002 3941 mutandum,
1032 3889 1062 3929 ut
1086 3875 1164 3928 Dum.

66 3943 150 3998 dicat:
177 3959 265 4012 neque
283 3938 358 3993 aliud
377 3940 523 4010 quidquam
541 3956 630 4010 neque
645 3939 714 3992 illud
729 3939 973 4012 (Demonstrabile)
990 3947 1045 4017 ipsi
1056 3945 1163 3998 Recon-

67 4013 120 4066 dito
140 4026 172 4066 et
190 4011 321 4064 abstruso
347 4011 435 4075 inest,
464 4026 550 4090 nequ?
572 4009 626 4062 boc
654 4009 759 4080 ipsum,
786 4013 863 4082 quod
884 4031 934 4083 per
960 4027 1077 4068 nostram
1105 4017 1163 4081 eju·

66 4080 264 4158 {gum-ationem
283 4089 310 4131 ει
326 4077 514 4132 denominand1
532 4078 654 4149 mopiam
678 4080 911 4134 demonstramus:
936 4084 993 4137 hoec
1011 4084 1165 4156 ignorantia

9 4193 11 4200 „
66 4152 217 4224 mopiaque
238 4161 289 4216 εει,
308 4165 366 4220 ηυε
384 4147 564 4204 demonstrari
582 4159 680 4218 potest.
716 4149 773 4202 Pro
787 4148 862 4216 αῦτη,
882 4151 957 4221 quod
976 4152 1049 4204 Mon.
1069 4152 1161 4207 habet.

798 4305 816 4353 ²
841 4281 843 4287 .
