2770 4840
255 275 321 339 ¹72

1122 459 1139 484 (Ι
1216 461 1230 484 Η

250 457 305 543 την
329 462 479 546 ἐνέργειαν
500 465 550 527 καί
571 460 589 547 ἦ
611 455 752 546 ῦπαρξις,
780 466 830 527 καί
847 463 866 548 ἦ
886 460 1012 548 δύναμις
1037 463 1088 548 δέ,
1119 487 1191 550 οπερ
1210 465 1263 550 ηδη
1281 469 1325 530 πί-

248 591 302 652 ρας
317 572 345 642 ⁶)
370 571 462 635 τοῦτο
486 573 545 636 τοῦ
573 574 687 656 νοητοῦ
708 574 759 635 καί
788 568 901 655 τρόπον
931 568 999 637 Ιτινόι
1024 571 1060 638 τὸ
1090 577 1148 651 ἐξω
1173 578 1324 658 τεταμένον.

332 675 390 744 Διό
417 673 520 764 πράτη
541 677 670 763 ἐνέργειά
690 682 771 772 ἐστιν
789 679 806 764 ἢ
831 681 887 744 τοῦ
908 683 1022 766 νοητοῦ
1048 684 1123 747 νοῦ·
1150 684 1201 746 καί
1222 689 1261 757 τίς
1278 680 1326 764 γὰρ

248 783 286 848 τ’ίν
303 787 350 869 εἴη
364 783 469 872 πρώτη
489 791 596 853 πασῶν
611 791 781 874 ἐνεργειῶν,
808 783 888 872 πλην
907 791 960 872 τῆς
983 791 1234 877 ἐπιστρεφομένης
1248 795 1286 865 είς
1297 786 1325 854 τῦ

247 896 378 974 πρῶτον
399 892 461 958 άπδ
484 898 545 959 τοῦ
564 902 688 978 τρίτους
712 895 731 981 ἦ
752 893 810 978 γάρ
831 899 888 961 τοῦ
908 884 1056 980 δευτέρσῦ
1083 893 1174 964 οῦπω
1194 899 1325 982 ἐνέργεια·

249 997 335 1068 οῦπω
355 1000 413 1086 γάρ
435 1001 599 1080 ἀπόστασις
620 1000 682 1068 άπὸ
705 995 764 1070 τοῦ
787 1004 877 1078 εἶναι,
909 1003 976 1070 ἄλλ’
1003 1005 1069 1072 οἷον
1092 1003 1263 1091 παρασκευὴ
1281 1003 1325 1090 μό-

245 1135 316 1190 νον,
343 1103 443 1194 όίσπερ
464 1112 520 1176 τοῦ
544 1108 682 1195 πρώτου·
711 1111 783 1178 οὐδὲ
813 1111 988 1197 παρασκευὴ
1020 1111 1232 1192 ἆποστάσεως,
1260 1112 1325 1178 dm&

245 1217 339 1303 μόνον
361 1219 437 1284 εἶναι
456 1216 596 1304 οὐδεμιᾶς
616 1216 761 1303 δεόμενον
783 1216 853 1286 οἰίτε
876 1217 1028 1304 δυνάμεως
1050 1217 1121 1286 οῦτε
1146 1225 1292 1308 ἐνεργείας.

332 1318 420 1390 Οίίτω
437 1327 490 1411 μέν
503 1332 614 1410 1τείνειν
639 1326 701 1392 ἴδοι
718 1324 757 1391 άν
775 1355 820 1402 τις
844 1330 943 1392 ταῦτα
971 1326 1049 1394 κατά
1072 1327 1110 1394 τὸ
1136 1333 1325 1414 συμφανέστε·

244 1459 299 1517 ρον
312 1437 367 1500 ’καί
387 1433 570 1520 διαβεβηκός
593 1433 672 1510 εἶδος
693 1438 753 1500 τῶν
768 1433 953 1521 ἰόημάτων,
983 1436 1024 1512 τός
1043 1435 1078 1502 δέ
1100 1435 1326 1523 άποῤῥητότερσν

245 1551 357 1624 εἰπεῖν,
382 1547 433 1608 καί
452 1542 529 1608 κατά
551 1544 687 1624 ἔνδειξιν·
718 1573 737 1630 η
756 1547 810 1630 μὲν
823 1550 882 1610 τοῦ
893 1543 1000 1625 ἐντος,
1028 1543 1047 1612 ὅ
1068 1549 1186 1633 έστινῆ
1208 1549 1259 1634 τῆς
1275 1553 1324 1630 τρί

243 1681 297 1738 της
332 1651 421 1738 ἀρχῆς
448 1649 624 1730 ῦπόστασις,
659 1655 715 1735 ἔχει
745 1651 785 1718 τά
811 1659 897 1738 τρίτα
918 1658 945 1729 7)
982 1653 1061 1719 κατά
1091 1653 1148 1740 τὴν
1182 1659 1325 1739 ἐνέργειαν,

156 1793 158 1798 ·
243 1757 346 1847 ἐπειδὴ
372 1765 404 1825 ἐν
427 1758 520 1855 ταότη
536 1757 572 1826 τὸ
598 1757 800 1844 ἐνεργητικὸν,
829 1767 857 1852 εί
885 1763 935 1826 καὶ
958 1765 1054 1827 ἐκεῖνο
1084 1760 1120 1826 τὸ
1150 1766 1188 1852 τῇ
1209 1759 1324 1848 ,ὑπάρξει

242 1867 446 1955 συμπεφυκός.
847 1851 862 1869 x

328 1980 432 2044 Τοῦτο
459 1964 517 2040 οῦν
541 1974 606 2040 οἷον
626 1975 776 2041 εἰδοποιεί
796 1974 832 2040 τὸ
849 1980 964 2058 τρίτον·
992 1973 1027 2039 τὸ
1054 1975 1088 2038 δὲ
1112 1974 1259 2064 δεύτερον
1277 1971 1323 2040 δό·

241 2111 345 2170 ναμις,
385 2078 429 2149 ότι
452 2080 556 2168 πριότη
587 2086 637 2149 καί
661 2083 798 2160 ῦπωςοῦν
820 2087 950 2149 ἐκτένεια
980 2078 1057 2169 αῦτη
1099 2087 1150 2150 καί
1180 2084 1263 2154 οῦπω
1289 2091 1323 2159 εἰς

210 2194 212 2201 '
241 2197 390 2278 ἐνέργειαν
405 2193 564 2274 προϊοῦσα.
596 2183 647 2256 ιἩ
668 2189 702 2254 δὲ
732 2190 874 2267 τοῦὲνὸς
899 2189 971 2277 άρχέγ
995 2187 1101 2276 προίτη
1125 2186 1249 2276 ῦπαρξις
1270 2196 1323 2256 ἐπι-

241 2313 354 2366 νοεῖται
377 2297 453 2363 κατά
488 2297 629 2376 ἔνδειξιν·
664 2295 785 2363 πάντων
809 2295 868 2382 γάρ
901 2302 965 2363 ἐστι
994 2297 1029 2363 τῦ
1057 2305 1089 2364 ἐν
1122 2295 1323 2372 ῦποστατινόν,

242 2407 339 2473 αὐτοῦ
363 2405 397 2471 δέ
425 2405 523 2471 οὐδέν.
572 2405 616 2474 Οῦ
643 2403 701 2489 γάρ
721 2403 759 2470 άν
788 2408 829 2470 ἐτι
859 2411 890 2470 έν
914 2408 960 2491 εἴη
985 2404 1060 2470 αῦτό
1084 2432 1116 2471 τε
1134 2403 1186 2488 όν,
1210 2406 1324 2474 καὶτοῦ

241 2513 302 2600 πρό
327 2512 422 2582 αῦτοῦ
443 2519 566 2601 μετέχον
594 2516 649 2579 τοῦ
672 2513 907 2600 ὑποστήσαντες.
939 2507 1017 2580 ιίίστε
1046 2512 1098 2578 διὰ
1126 2512 1250 2582 πάντων
1274 2541 1325 2597 φα-

240 2622 346 2709 νερόν,
374 2620 418 2708 ῦτι
437 2621 471 2688 τό
495 2619 531 2689 δν
551 2627 634 2708 τρίτη
657 2619 741 2710 άρχά.

321 2729 468 2807 Ὡςαῦτως
499 2727 536 2796 δέ
574 2727 765 2816 δειχθήσεται
799 2732 865 2796 καί
896 2726 955 2797 ὅτι
977 2729 1109 2808 νοῦςὸ)
1141 2730 1324 2816 ὃπριῦτος

179 2843 183 2852 “
238 2838 257 2924 ἦ
288 2841 371 2924 τρίτη
398 2836 471 2924 άρχίγ
506 2836 585 2902 κατά
617 2837 672 2918 τήν
699 2835 954 2924 Χαλδαίκὴν
989 2837 1183 2924 τίμνοιιμένην
1217 2835 1322 2936 τριάδα.

237 2950 369 3032 Πρῶτος
397 2946 455 3030 γὰρ
479 2945 495 3013 ὃ
520 2949 590 3024 νοῦς
618 2945 736 3032 άπέστη
764 2950 822 3013 τοῦ
852 2953 953 3014 αίτίσν
984 2950 1035 3012 καὶ
1069 2944 1243 3033 ἐπεστράφη
1262 2943 1324 3027 πρὸς

238 3054 317 3123 ατίιδ
345 3057 395 3120 καί
420 3055 563 3143 ἠνέργησε
593 3053 647 3140 την
673 3053 796 3142 πρωίτην
822 3053 936 3142 ταύτην
965 3052 1124 3142 ἐνέργειαν.
1165 3054 1213 3121 Τό
1235 3053 1323 3137 γάρδ)

237 3172 270 3230 ἓν
290 3166 335 3249 τηῦ
350 3159 501 3244 προϊέναι
534 3159 622 3230 οίίπω
645 3163 776 3250 ἀπέστη·
802 3163 839 3230 οῦ
859 3169 979 3239 τοίνυν,
1009 3163 1045 3230 οῦ
1068 3161 1168 3228 δέεται
1195 3166 1323 3243 ἐπιστρο·

237 3275 311 3358 φης·
337 3271 356 3356 ἡ
378 3269 436 3354 γάρ
455 3269 620 3356 ἐπιστροφὴ
636 3273 688 3356 τῆς
713 3264 881 3347 ἐκστάσεως
902 3274 983 3334 ἐστιν
1008 3263 1228 3356 ἐπανόρθωσις.

320 3386 361 3446 Εί
390 3377 447 3463 γὰρ
476 3375 510 3444 όν
542 3378 576 3443 τό
608 3385 724 3465 τρίτον,
761 3382 882 3464 πρῶτον
905 3383 1030 3464 ἐνεργεῖ,
1062 3382 1157 3445 τοῦτο
1185 3378 1222 3444 δέ
1254 3378 1324 3440 ἐστιν

237 3493 472 3572 ἐπιστρέφεσθαι
493 3485 569 3568 πρὸς
588 3485 623 3552 τὸ
648 3490 765 3570 αἴτιον,
794 3486 829 3554 τὸ
855 3487 889 3553 δέ
906 3491 1049 3555 τοιοῦτον
1073 3491 1158 3564 νοῦς,
1189 3477 1324 3572 δῆλοντὸ

237 3604 413 3683 συμβαῖνον.
444 3597 509 3664 Καὶ
526 3601 554 3660 εί
580 3594 614 3662 τό
636 3602 753 3682 τρίτον,
778 3600 868 3674 νοῦς,
898 3595 934 3662 τὸ
955 3599 1075 3681 πρῶτον
1096 3593 1222 3681 νοητὸν,
1246 3591 1277 3658 τό
1294 3587 1322 3654 δὲ

237 3704 345 3792 νοητὸν
373 3703 478 3782 οὐσία,
509 3700 544 3767 τὸ
572 3705 693 3790 πρῶτον
721 3703 822 3784 οὐσία,
845 3697 882 3790 ἢν
904 3703 1053 3770 καλοῦσιν
1074 3698 1252 3790 ῦπαρξιν.
1289 3698 1324 3762 E&

305 3907 334 3968 6)
355 3905 431 3960 Mon.
449 3907 530 3966 τοῦτο
549 3907 627 3975 πέρας
640 3942 647 3956 .
729 3909 894 3977 τεταγμένον.
913 3907 956 3959 διὸ
973 3905 1062 3978 πράττη
1084 3909 1116 3978 τῇ
1135 3860 1247 3977 ἐῦεργτίιμ
1264 3907 1323 3953 ίστιι

234 3977 317 4098 ’δέού
326 3995 350 4100 ί
353 3978 401 4098 ⁰0⁵ss
415 3974 690 4097 ’δείίωωῖίθῗίέ
708 3971 920 4098 fa‘ssd22³⁸1ss¹i⁸1?
921 3978 949 4098 ίέ
968 3973 1322 4108 εἐ.είί.ί.ίῗ“ἓί“έέίῖ.

236 4064 327 4170 ποοῑέἐι
348 4083 476 4186 γραφιται
494 4063 629 4186 ἐνέργῦων.
661 4064 707 4154 —07
728 4113 760 4180 8)
780 4116 852 4166 Mon.
873 4066 966 4177 όνοῖξ
984 4115 1000 4170 ὃ
1015 4136 1059 4194 πρ.
1095 4145 1126 4156 -
1161 4085 1321 4186 }))Ut‹=1·q1¹e

236 4185 306 4240 Cod.
326 4185 358 4238 τὸ
377 4184 427 4257 γὰρ
444 4189 470 4238 ἐν
487 4186 523 4255 τῷ
542 4204 586 4256 πρ.
604 4183 626 4236 f.
645 4182 713 4239 1.τό
731 4183 782 4256 γάρ
795 4184 851 4238 Ὃν.
