2798 4834
264 239 335 309 30ss

262 445 328 500 ναι,
356 424 408 490 καί
429 421 488 509 πρό
514 424 593 507 ζωῆς
612 421 667 508 τήν
687 421 811 504 σι’νσίαν,
839 422 931 490 πάλιν
951 419 1112 508 ἀναγκάζει
1131 429 1203 506 μίαν
1232 411 1334 499 σῦοίιιν,

262 531 313 598 καί
333 538 405 616 μίαν
426 531 504 617 ζωὴν
523 533 733 619 προτετάχθαι
755 536 811 599 τοῦ
838 529 904 609 ἑνός
930 535 998 599 νοῶ.
1050 530 1100 597 Τά
1129 530 1165 598 δι’
1190 529 1267 600 αὐτά
1293 536 1336 598 καί

261 640 332 722 περὶ
351 643 423 722 μιᾶς
443 636 547 714 ἕνάδος
567 639 648 704 εἴποι
677 665 721 714 τις
748 635 785 704 άν
809 642 1032 726 προτιθεμένης
1058 643 1112 721 τῆς
1138 641 1210 724 μιᾶς
1237 637 1337 713 σόσίας.
1385 677 1386 718 3

262 739 376 810 Πόθεν
397 735 453 811 οὖν
472 744 582 830 δῆλον,
613 740 659 812 ότι
680 745 793 812 πολλοὶ
817 748 892 813 θεοί
919 749 972 813 καί
996 746 1110 814 πολλοὶ
1138 746 1261 827 οὐσίαι,
1294 748 1338 812 καί

262 851 376 918 πολλοί
397 856 471 930 ζωαί
490 856 543 920 καί
562 852 673 920 πολλοὶ
694 853 759 930 νόες
780 855 832 920 καί
851 853 966 920 πολλαί
992 855 1090 940 ψυχαί
1113 850 1189 938 μετά
1217 852 1273 930 τάς
1299 861 1338 920 οἰ-

262 967 345 1036 κείας
365 956 499 1044 μονάδας
525 967 647 1028 ἕκαστον
668 958 796 1046 ιἰριθμσλ
815 959 972 1046 προϊόντες
978 991 991 1042 ,·
1019 959 1041 1048 ἢ
1062 968 1114 1028 ἕνα
1143 959 1198 1045 μὶν
1226 960 1338 1028 ἀποδεί-

262 1071 333 1145 ξεως
353 1067 483 1150 τρόπον,
503 1071 574 1152 περὶ
596 1064 629 1134 ὃν
651 1065 791 1150 δπαράνν
810 1068 961 1154 διατρίβει
980 1067 1081 1153 λόγος,
1110 1065 1173 1134 ἆπό
1195 1070 1256 1135 τῶν
1276 1069 1338 1134 εἴσω
1386 1141 1387 1160 5

262 1175 386 1240 πολλῶν
414 1182 542 1261 γονίμων
564 1171 673 1255 όντων,
694 1174 881 1242 καὶτούτων
902 1174 1083 1258 προϊόντων,
1103 1179 1165 1243 τῶν
1187 1172 1270 1254 ἐκτός
1288 1174 1338 1260 ἤδη
1386 1177 1387 1222 ἶ

261 1282 488 1369 πληθυομένων
515 1278 591 1348 κατά
622 1278 677 1367 τήν
697 1281 858 1366 ῶνσμσειδῆ
884 1281 1036 1366 πρόοδον,
1076 1281 1098 1370 ἢ
1120 1279 1180 1368 τη“ν
1214 1283 1339 1367 ὁμοειδῆ,

261 1387 405 1475 καθάπερ
429 1387 572 1482 διῇρηται
592 1388 742 1474 πρότερον
766 1388 844 1456 κατά
871 1387 978 1478 βάθος
1003 1389 1024 1475 ἢ
1050 1389 1176 1467 πλάτος·
1212 1387 1269 1458 “Er
1295 1391 1340 1478 γάρ

166 1523 170 1530 ‘
261 1501 313 1564 καί
335 1494 436 1565 πολλὰ
454 1496 491 1562 τό
510 1498 608 1562 αἴτιον
634 1493 667 1564 δν
695 1499 825 1582 γεννήσει
850 1492 927 1564 κατά
954 1493 989 1563 τό
1009 1493 1064 1564 Ἓν
1089 1499 1141 1563 καί
1168 1497 1206 1564 τά
1233 1496 1338 1572 πολλά,
1387 1561 1388 1566 ,

262 1608 314 1671 καὶ
335 1608 380 1672 ἔτι
400 1601 477 1671 κατὰ
496 1603 533 1670 τὸ
552 1599 843 1690 συναμφότερονἚν
869 1605 945 1687 ὁμοῦ
972 1609 1023 1670 καί
1051 1602 1168 1671 πολλά·
1201 1601 1272 1682 ἑνός
1292 1607 1339 1688 μὲν

262 1721 389 1780 ἕκαστον
409 1711 635 1788 εἷδσποιοῦντος
654 1710 732 1778 κατά
752 1709 809 1797 την
830 1709 1040 1797 ἐπικράτειαν,
1058 1717 1091 1778 ἓν
1111 1710 1206 1778 όντων
1221 1712 1255 1778 δὲ
1269 1707 1340 1798 ’όμως

261 1825 312 1887 καὶ
334 1826 394 1888 τῶν
414 1820 536 1900 πολλῶν
556 1823 589 1886 ἐν
609 1823 651 1905 τῷ
672 1821 716 1886 ἑνὶ
734 1817 848 1904 τσάτῳ.
886 1811 976 1887 Οὕτω
989 1816 1045 1907 γάρ
1059 1815 1121 1887 άπό
1141 1822 1197 1886 τοῦ
1221 1822 1340 1896 ἅπλῶς

259 1933 325 1994 νοῦ
347 1929 364 1995 5
388 1925 593 2013 συνοχικός
620 1926 758 2014 πρόεισι,
791 1929 842 1994 καί
863 1925 925 1994 ἀπό
953 1925 1066 1994 τοότου
1089 1927 1105 1992 5
1135 1927 1338 2004 τιτανικὸς,

261 2041 312 2102 καί
339 2040 386 2103 ἔτι
408 2033 469 2102 ιἰπδ
497 2033 611 2102 τούτου
640 2034 656 2098 ὅ
687 2031 978 2122 δημιόυργικάς.
1030 2033 1132 2116 Ἐνῧ)
1161 2037 1216 2119 μέν
1237 2033 1275 2117 δι’]
1304 2041 1339 2120 τῷ

259 2141 362 2220 ἁπλῶς
374 2148 416 2228 νῷ
428 2148 488 2220 πῶς
505 2146 600 2223 ἐστιν,
624 2149 749 2209 ἕκαστον
764 2141 797 2208 δὲ
817 2125 967 2209 εἰδοποιελ
985 2171 1012 2208 τι
1028 2145 1087 2208 τῶν
1099 2146 1130 2210 ἓν
1145 2145 1247 2228 ἐκείνῳ
1268 2141 1339 2209 πολ-

260 2250 330 2325 λῶν,
353 2250 419 2317 οἷον
434 2248 470 2316 τό
493 2246 699 2334 συνσχικόν
719 2248 839 2330 εἶδος,
859 2241 881 2333 ἢ
900 2247 1097 2317 τιτανικὸν
1116 2247 1138 2335 ἢ
1159 2249 1339 2338 δημιουρ

261 2350 379 2445 γικόν.
401 2359 526 2444 Ὁμοίως
546 2359 580 2425 δὲ
599 2360 652 2424 καὶ
673 2360 722 2424 ε’πλ
743 2361 805 2424 τῶν
824 2364 1025 2445 μερικωτόρων
1045 2345 1181 2442 πολλῶν·
1204 2356 1269 2426 άπό
1290 2359 1340 2442 γάρ

259 2472 316 2536 τοῦ
343 2467 531 2554 δημιουργοῦ
561 2468 579 2564 5
597 2465 907 2542 Ἀπολλωνιακός
936 2469 987 2534 καλ
1017 2466 1219 2552 όἈρεϊκός
1248 2473 1301 2534 καί
1325 2467 1338 2534 5

255 2572 513 2661 Ἀθηναϊκός·
534 2576 586 2640 καὶ
607 2576 651 2639 ἔτι
668 2574 863 2661 μεραιάτερσν
883 2577 960 2640 καθ’
980 2581 1105 2642 ἕκαστον
1126 2574 1208 2651 εἶδος
1222 2575 1248 2658 9)
1272 2602 1339 2662 κρυ·

260 2696 309 2752 τοῖ
328 2687 496 2770 γεννᾶσθαί
515 2709 583 2749 τινα
601 2686 677 2750 νοῦν
697 2676 770 2750 λλον
790 2686 836 2768 ἐφ’
857 2686 970 2750 ἑαυτοῦ
992 2687 1123 2758 ἑστῶτα,
1154 2680 1232 2750 κατά
1255 2689 1339 2750 τοῦτο

178 2789 297 2916 pag-15
322 2790 403 2867 εἶδος
432 2790 700 2874 ελδσποιουμένων,
738 2789 802 2856 οἷον
833 2788 966 2878 εἷ’τόγσι
991 2789 1069 2858 κατὰ
1098 2789 1150 2856 τὸν
1177 2791 1341 2876 άνθρωπον

181 2881 212 2935 ¹9
232 2903 239 2919 '
260 2903 312 2968 καί
332 2899 386 2968 τόν
407 2907 522 2966 ἰ’ππσν·
556 2895 671 2986 ἇνάγκη
703 2893 759 2985 γάρ
789 2889 887 2976 οὕτως
912 2895 974 2968 ἀπό
1000 2904 1059 2968 τοῦ
1084 2903 1155 2967 εἴσω
1175 2905 1237 2966 τῶν
1260 2899 1341 2967 εἰδῶν

260 3006 406 3094 πλήθους
430 3001 628 3094 παράγεσθαι
654 3002 732 3073 νόων
758 3007 887 3092 πλῆθος
915 3009 982 3088 ἔξω.
1027 3007 1130 3090 Δῆλον
1158 3006 1192 3074 δὲ
1223 3001 1271 3073 ότι
1295 3008 1340 3072 καί

260 3113 326 3182 άπό
346 3119 406 3180 τῶν
425 3118 522 3198 μερῶν
542 3108 620 3180 κατά
640 3109 680 3180 τά
702 3117 776 3200 μέρη
797 3113 913 3181 πολλαί
941 3118 999 3194 ἔξω
1025 3117 1122 3202 μερῶν
1154 3112 1342 3190 ὑποστάσεις.

258 3229 297 3290 Εἰ
316 3221 350 3288 δὲ
370 3216 506 3288 τόὍλον
528 3223 579 3288 καλ
601 3224 678 3307 μέρη
700 3220 762 3310 ζωη’
789 3225 871 3290 ἐστιν
898 3223 918 3308 5
948 3220 1052 3310 πράτη
1083 3227 1179 3291 οτᾶσα
1205 3219 1284 3289 κατά
1309 3221 1340 3286 τό

246 3327 493 3426 διακρινόμενον,
516 3327 555 3406 ῶς
575 3333 607 3397 ἐν
627 3341 694 3406 τοῖς
712 3331 851 3415 πρόσθεν
871 3332 1027 3417 ἐλέγομεν,
1049 3331 1140 3418 δῆλον
1159 3331 1201 3410 ῶς
1217 3337 1252 3399 αῖ
1268 3333 1341 3398 ὓπο-

259 3434 376 3515 στάσεις
395 3441 504 3506 ἐκείνοι
525 3441 598 3515 ζωαί
622 3442 700 3515 τινές
728 3443 804 3505 εἰσιν
831 3439 989 3526 ὁλόκληροι
1015 3437 1093 3506 κατὰ
1117 3438 1152 3506 τό
1182 3441 1255 3506 εἴσω
1284 3439 1341 3504 τῶν

257 3549 354 3632 μερῶν
373 3531 501 3631 πλῆθος
523 3545 694 3613 ὖποοτῶσαι
714 3549 765 3613 καί
790 3551 887 3633 μερῶν
912 3552 1071 3633 ἓωέχουσαι
1097 3543 1183 3626 τάξιν
1211 3549 1287 3634 πρός
1311 3569 1342 3610 τε

244 3651 396 3739 Δἀλλήλας
417 3656 468 3720 καὶ
487 3651 562 3737 πρός
581 3649 638 3737 τὴν
658 3657 896 3739 παραγαγσῦσαν
923 3661 1034 3722 αἰτίαν·
1084 3659 1158 3732 Πῶς
1178 3643 1236 3722 οὗν
1258 3645 1340 3736 ὅλαις

257 3761 325 3833 πῶς
345 3755 378 3824 δὲ
401 3759 418 3842 5
441 3755 546 3844 ὁλότης
567 3749 645 3825 ’όλων
662 3765 765 3843 αἰτίας
794 3751 894 3845 μερῶν
920 3760 980 3847 γάρ
1002 3762 1020 3842 5
1042 3757 1151 3846 όλότης
1170 3757 1339 3848 γεννητικὴν

325 3937 508 4004 8)Μσο.Ἒν
524 3943 572 4010 μὲν
589 3937 621 4007 δὴ
640 3949 666 3992 et
684 3950 781 4010 postea
798 3937 850 3993 άπδ
873 3940 924 4012 γάρ
950 3941 998 3993 τοῦ
1023 3939 1210 4013 δημιουργικοῦ
1227 3939 1243 3994 ὅ
1261 3939 1340 3996 σἰιτόί-

256 4011 317 4064 λυν.
343 4029 388 4054 -·
403 4013 434 4080 9)
452 4011 527 4065 Mon.
545 4008 615 4070 κίδος
631 4011 656 4062 ελ
672 4015 777 4080 κρατοῖ,
805 4021 832 4063 et
849 4023 914 4082 pont
931 4013 1044 4079 ἑστῶτα,
1073 4013 1117 4065 καλ
1132 4024 1193 4068 ante
1215 4012 1281 4066 κατὰ
1300 4012 1340 4064 in·

256 4079 338 4148 nerit3
365 4078 434 4133 idem
451 4090 524 4134 ττοιι
542 4077 753 4150 ιλδοποιοάμενον
769 4097 824 4152 pro
841 4079 961 4160 genitivo
980 4081 1055 4154 plur.
1076 4099 1145 4136 num.
