2798 4834
1113 219 1179 280 501

98 402 238 492 διναρξις.
272 407 340 474 Καί
360 411 387 471 εἰ
408 400 506 482 οὕτως
526 407 556 470 οῖ
577 404 742 488 φιλόσοφοι
762 405 895 488 λέγοιεν,
915 397 962 466 Ιότι
978 396 1182 484 τριττόνῖκα-

98 537 186 592 στον,
215 508 236 596 ἢ
256 515 323 577 κατ’
342 517 462 592 αἰτίαν,
489 511 532 586 οἷς
551 515 584 577 ε’ν
604 521 663 579 Διΐ
678 538 741 588 πως
762 509 937 595 ὑπάρχουσα
956 507 977 592 ἦ
998 505 1131 592 Ἀθηνᾶ,
1161 505 1183 591 ἢ
1253 551 1257 559 ·

96 624 172 686 καθ’
192 609 329 704 ῦῖταρξιν,
353 620 392 696 ὡς
411 620 431 700 ἡ
453 609 530 684 καθ’
551 615 680 704 ἑαυτόν,
701 614 819 702 ἢικατά
838 618 977 702 μέθεξιν,
998 616 1039 689 ὡς
1059 618 1090 680 ἐν
1111 613 1183 708 κόρη

95 739 249 814 γεγονυῖα,
269 727 368 802 καλῶς
388 728 537 812 λέγουσιν,
558 721 639 812 πλην
660 719 708 792 ’ότι
727 723 826 802 πάσας
846 719 989 808 ὑπάρξεις
1007 721 1182 808 διοριστέον,

93 834 151 917 τὴν
172 834 225 917 μὲν
244 836 301 899 τοῦ
319 830 410 913 Διός,
443 824 533 918 δτιὴ
562 831 640 918 αῦτη
671 831 845 916 συμπληροῖ
871 826 928 914 την
957 827 1183 917 διακεκριμένην

95 935 223 1026 Ιότταρξιν
244 945 300 1006 τοῦ
313 937 402 1020 Διός,
423 938 478 1025 την
489 941 523 1006 δὲ
535 940 629 1024 αῦτης
641 938 718 1004 καθ’
732 935 855 1023 ἑαυτήν·
883 933 940 1020 την
955 935 989 1003 δὲ
1008 939 1064 1022 τῆς
1078 935 1182 1022 κόρης,

93 1037 146 1113 δτι
168 1050 220 1112 καί
242 1045 321 1130 αῦτη
342 1047 516 1134 συμπληροῖ
536 1052 590 1133 τῆς
610 1043 702 1134 κόρης
722 1043 758 1112 τό
773 1042 913 1129 πλῆθος.

171 1177 250 1246 ’Ἰδοι
270 1180 298 1244 δ’
318 1177 354 1244 δν
375 1207 420 1255 τις
440 1177 514 1245 αῦτό
535 1181 586 1246 καί
617 1175 889 1261 διαλεκτικώτερον.
938 1173 988 1242 Τά
1017 1169 1071 1260 γάρ
1092 1172 1181 1260 λεγό-
1211 1197 1213 1202 ·

93 1313 171 1372 μενα
192 1290 260 1376 γένη
274 1297 303 1365 2)
331 1290 388 1353 τοῦ
401 1286 486 1364 όντος
497 1291 663 1374 ἑκασταχοῦ
675 1287 849 1371 συμπληροῖ
862 1280 918 1370 την
934 1287 966 1362 ἐξ
981 1283 1079 1349 αὐτῶν
1092 1309 1180 1348 συνε-

94 1399 214 1462 στῶσαν
235 1394 401 1460 ὑπόστασιν
408 1443 417 1475 ,
437 1390 516 1461 ἀλλά
538 1392 594 1480 τὴν
613 1396 666 1479 μὲν
687 1394 791 1460 οῦοίαν
805 1394 960 1479 ἡνωμένα,
982 1395 1039 1476 τὴν
1053 1391 1086 1456 δὲ
1103 1388 1180 1474 ζωόν

94 1500 319 1586 διακρινόμενα,
347 1499 400 1566 τὸν
428 1501 462 1568 δὲ
489 1506 563 1568 νοῦν
590 1500 814 1586 διακεκριμένα,
853 1497 979 1565 καὶτὸν
1003 1500 1057 1583 μὲν
1076 1499 1180 1573 ἁπλῶς

92 1607 172 1676 κατά
190 1607 247 1697 την
268 1608 442 1678 ἰσοστάσιον
461 1608 625 1694 διάκρισιν,
658 1606 714 1675 τόν
742 1607 776 1674 δὲ
802 1610 997 1692 μερικώτερον
1023 1607 1072 1672 εἰεί
1101 1605 1178 1672 κατά

93 1715 149 1800 τὴν
170 1717 381 1784 ἐπικλίνουοοιν
401 1717 475 1803 πρὸς
495 1717 563 1783 τάδε
582 1715 603 1800 ἢ
623 1715 693 1783 τάδε
719 1719 778 1782 τών
798 1720 890 1802 γενῦν
910 1715 931 1802 ἢ
954 1720 1014 1781 τῶν
1040 1714 1179 1802 μεροίνῆ

93 1831 156 1893 τῶν
178 1824 267 1891 εἰδών
287 1823 364 1891 κατά
377 1824 643 1913 τήνέπικράτειαν.
677 1823 767 1891 ’Ἐστι
780 1821 814 1888 δὲ
827 1823 1023 1910 λογικώτερον
1040 1824 1055 1888 ό
1074 1823 1178 1901 ἁπλῶς

93 1930 261 2016 ἅνθρωπος
282 1937 315 1999 έν
335 1939 378 2018 τῷ
400 1931 465 2017 ζώῳ
485 1932 561 1998 κατά
579 1929 636 2022 τὴν
656 1930 774 2015 ὁλοφυῆ
796 1932 847 1995 καί
861 1930 982 1996 πάντων
997 1927 1079 2007 ζώων
1089 1955 1176 2014 περι-

94 2038 213 2126 εκτικην
234 2044 289 2106 τοῦ
310 2041 387 2116 ζώου
408 2047 479 2124 μίαν
500 2033 640 2123 ῦπαρξιν·
678 2035 758 2105 α’λλά
777 2044 829 2106 καί
848 2037 923 2121 μετά
944 2033 977 2104 τό
1002 2041 1078 2116 ζῶον
1098 2039 1176 2104 καθ’

74 2145 209 2234 ’ἑαυτὴν
228 2149 248 2231 ἡ
269 2144 441 2234 ἀνθρώπου
462 2143 601 2234 ῦπαρξις·
623 2151 655 2214 έκ
676 2145 710 2212 δὲ
729 2155 836 2234 τρίτων
851 2150 889 2220 ,ἒν
908 2149 951 2231 τῷ
976 2153 1103 2232 χερσαίῳ
1123 2147 1176 2214 ἆν-

92 2255 215 2340 θρώπῳ
239 2257 289 2320 καὶ
312 2259 344 2322 έν
364 2259 431 2340 ἐμοί
447 2259 536 2342 γετῷ
553 2253 681 2341 άτόμῳό
698 2254 802 2330 ἁπλῶς
816 2253 988 2339 ἄνθρωπος,
1011 2255 1075 2320 οἷον
1095 2281 1177 2320 οτοι·

90 2377 187 2451 χεῖον,
209 2363 248 2440 ὡς
268 2367 299 2429 ἰν
319 2363 478 2449 ἀνθρώπῳ
501 2359 536 2429 τό
558 2365 647 2442 ζῶονΙ
675 2367 752 2429 καθ’
775 2357 904 2444 ὕπαρξιν
924 2360 983 2444 άρα
1005 2365 1055 2427 καί
1076 2367 1176 2429 τοῦτο.

90 2474 158 2543 Καί
179 2469 236 2559 γάρ
254 2478 281 2539 εἰ
301 2469 427 2538 άνωθεν
447 2470 614 2552 ἐνδίδοται,
635 2473 685 2538 καί
705 2473 800 2564 ταῦτη
819 2474 958 2554 μέθεξις,
979 2469 1046 2536 ἀλλ’
1058 2472 1078 2553 ἡ
1092 2471 1177 2537 ἔνδο-

92 2606 141 2654 σις
168 2573 245 2667 αῦτη
266 2584 330 2645 ’τοῦ
356 2575 437 2656 εἰςδ
464 2578 626 2658 ἐνδίδοται,
658 2583 749 2664 μέρος
778 2585 908 2665 γίγνεται
932 2583 989 2662 τῆς
1016 2576 1177 2666 ῦπάρξεως.
1282 2612 1285 2618 ·

94 2689 241 2754 Τοσαῦτα
262 2689 312 2753 καί
332 2690 400 2775 περὶ
420 2683 544 2756 τούτων.
1079 2707 1086 2714 ·

183 2821 263 2902 Φέρε
283 2825 398 2899 τοίνυν,
420 2822 453 2898 ἐξ
472 2817 563 2906 ἀρχῆς
592 2816 812 2904 ἐπανέλθωμεν
840 2823 884 2895 εἰς
903 2815 943 2883 τά
973 2816 1097 2904 ἐχόμενα
1117 2821 1177 2886 τοίν

90 2925 236 3014 έξάρχῆς
257 2923 460 3013 άπορημάτων
473 2930 514 3010 3).
543 2922 614 2992 Ὅτι
634 2926 687 3010 μὲν
710 2925 748 3011 δὴ
769 2927 820 2992 καί
842 2930 874 2992 ἐν
894 2930 938 3012 τῷ
960 2925 1091 3011 δμοειδεῖ
1110 2931 1175 2996 ἔστι
1226 2933 1228 2942 ’

89 3063 122 3102 τι
143 3032 364 3119 άνομοιοειδὲς,
384 3037 435 3102 καί
456 3038 486 3100 ἐν
508 3039 547 3120 τῷ
568 3033 765 3119 διομοιοειδεῖ
791 3033 932 3117 ὁμοειδὲς,
957 3034 1027 3111 ὦςό
1051 3034 1175 3122 οἰπορών
1278 3057 1281 3062 “

90 3141 248 3208 διετείνετο
270 3141 374 3228 λόγος,
408 3136 522 3229 ἀνάγκη
542 3143 712 3229 ὁμολογεῖν·
734 3141 803 3207 ἆλλ’
827 3139 915 3208 οῦδὲν
942 3133 1051 3227 ἧττον,
1081 3145 1099 3230 ἦ
1120 3149 1174 3229 μέν

89 3254 175 3316 ἐστιν
195 3248 334 3336 ὁμοειδὴς
353 3247 501 3335 πρόοδος,
523 3250 540 3332 ἢ
559 3249 591 3316 δὲ
607 3247 796 3334 ἆνομοειδός·
818 3246 956 3315 καθόσον
969 3249 1172 3338 Ἀφροδίτη

90 3359 146 3444 μὲν
167 3363 251 3424 πᾶσα
272 3362 324 3424 καὶ
338 3357 483 3444 Ἀθηνᾶ
508 3361 595 3424 πάσα
615 3361 695 3444 μένει
710 3383 775 3432 πως
789 3361 821 3423 ἐν
836 3369 899 3433 τοῖς
920 3347 1003 3441 όροις
1023 3365 1078 3444 της
1091 3359 1172 3447 πρώ·
1270 3361 1272 3367 ⁴

91 3496 149 3554 της
169 3467 339 3553 Ἀθηνᾶς
359 3470 410 3538 καί
426 3473 480 3556 τῆς
500 3467 621 3554 πρώτης
636 3461 867 3554 Ἀφροδίτης,
886 3463 942 3532 κάν
955 3468 1173 3557 ἐξαλλάττηται

90 3582 158 3642 κατ’
180 3575 274 3657 εἶδος,
293 3583 417 3643 ἕκαστον
437 3576 633 3664 μερικώτερον
645 3579 701 3660 τῆς
715 3573 810 3660 αῦτης
822 3574 985 3660 ἰδιότητος·
1007 3574 1084 3642 κατά
1101 3582 1174 3661 γοῦν

162 3788 189 3846 ι)
211 3781 309 3838 Ηοωί).
336 3784 467 3854 γεννητοῦ.
503 3784 577 3836 Mon.
596 3787 713 3854 γενητοῖ.
737 3784 782 3836 ille
803 3781 916 3838 inferius
938 3788 990 3840 τῶν
1008 3789 1101 3856 γεννῶν
1120 3805 1172 3858 pro

90 3853 178 3922 γενῦν.
223 3851 291 3905 Dein
311 3855 385 3907 Mon.
406 3853 514 3921 λλοφοῖγ.
545 3884 577 3895 -
606 3853 635 3920 5)
658 3855 752 3906 Hamb.
768 3852 971 3925 τίποῤῥημάτων.
1014 3859 1078 3910 Mox
1097 3861 1170 3913 Mon.

90 3922 242 3990 ἀνομοειδὶς
261 3935 287 3976 et
304 3922 435 3992 ὁμοειδές,
454 3939 522 3992 quae
539 3923 641 3976 formae
659 3921 757 3995 μισοῖτο
775 3924 803 3975 in
820 3937 937 3994 utroque
957 3923 1057 3979 Codice
1075 3944 1120 3982 εεε
1143 3947 1170 3980 ε·

91 4009 205 4111 ευηηηεο
224 3995 335 4046 variant.
371 3991 461 4046 Itidem
479 3991 599 4046 καθόσον
616 4005 642 4045 et
659 3993 721 4046 καθ’
743 3991 804 4050 ὅσον
821 3993 903 4046 modo
922 3991 991 4066 Ιιίο,
1005 3996 1085 4050 ωοδο
1130 4009 1172 4052 ter

92 4076 145 4111 ιοτι
170 4071 224 4112 σοι.
