2770 4840
1082 261 1147 340 ¹9¹

60 449 168 508 δεσιν.
197 439 218 526 ῆ
243 437 280 505 τό
305 441 363 524 μὲν
390 442 511 524 πριῦτον
532 437 738 524 οὐδέτερον
750 442 780 514 ⁴)
802 439 878 505 εἶναι
902 443 1037 517 τίθεται,
1059 436 1095 504 τό
1116 437 1153 503 δέ

59 549 199 632 δεύτερον
227 543 533 630 συναμφότερον
559 548 637 611 κατὰ
662 544 699 611 τό
721 547 891 631 ῆνωμένον,
919 545 956 613 τό
985 546 1019 612 δέ
1048 554 1153 632 τρίτον

59 655 263 739 ἑκάτερον,
280 653 432 739 ἐδήλωσεν
451 653 613 738 ἇποφῆσας
624 657 680 739 μὲν
695 657 753 721 τοῦ
772 656 893 740 προίτοο
913 659 965 722 ναί
985 653 1020 720 τό
1044 653 1079 720 όν
1099 657 1152 720 ταί

58 765 93 830 τὸ
112 773 165 844 έν,
189 760 320 828 σονελιίν
348 763 437 829 δὲέν
467 768 510 847 τῷ
535 767 617 850 μέσῳ
644 761 682 830 τό
712 761 818 873 ἓνὲν,
845 765 1015 850 διαστήσας
1045 764 1080 830 δέ
1100 769 1153 834 ἐπὶ

1 935 2 950 ,
59 867 178 946 τούτοις
197 868 232 934 τό
254 877 288 934 ἓν
308 872 361 935 καὶ
382 867 418 934 τό
439 865 473 933 δν
492 869 570 954 μετό
589 875 644 954 τῆς
665 870 829 955 διΐστοίσης
849 871 990 944 όττωςοῦν
1010 873 1063 937 καί
1083 878 1152 948 οἵοις

59 975 98 1062 δῆ
118 972 316 1060 ἑτερότητος,
342 977 408 1041 ἐπεί
430 979 483 1041 καί
502 974 559 1062 τῆν
579 975 716 1043 παλαιόν
736 977 866 1060 ἀπορίαν
885 977 973 1062 μόλις
993 976 1073 1058 ίίνὲ)
1098 972 1152 1045 οῦ

59 1113 116 1160 τως
147 1082 335 1169 ἐκφύγοιμεν.
383 1081 458 1160 Πῶς
491 1082 547 1169 γὰρ
568 1080 607 1162 δῆ
631 1081 667 1149 τό
694 1080 812 1170 πρῶτόν
834 1112 869 1171 με
889 1082 940 1164 όν,
981 1080 1000 1150 ‘d
1024 1083 1063 1171 δῆ
1098 1089 1152 1152 ταί

58 1196 262 1280 ῆνωμένσν
278 1191 425 1275 ἠξιοῦμεν
446 1191 540 1266 εἶναι,
575 1191 681 1268 τελέως
708 1189 883 1276 προτόξσιεν
907 1191 946 1258 όν
970 1221 1018 1270 τις
1039 1196 1079 1270 ὡς
1100 1194 1151 1260 οῦ·

59 1311 127 1370 σίαν
150 1304 227 1386 ζωῆς
247 1303 300 1366 καὶ
319 1305 396 1380 νοῦ,
417 1301 551 1385 μηδενὸς
571 1298 660 1375 όντος
680 1305 742 1366 ἐκεῖ
762 1300 940 1386 διορισμοῦ,
960 1310 1061 1370 καίτοι
1079 1302 1153 1369 διω-

60 1415 202 1495 ρισμένης
227 1408 289 1474 ἀπὸ
313 1412 374 1474 νοῦ
401 1410 456 1492 μὲν
483 1411 541 1494 τῆς
568 1413 660 1494 ζωῆς,
692 1407 753 1474 ἀπό
779 1414 857 1494 ζωῆς
882 1410 916 1476 δὲ
948 1415 1004 1495 τῆς
1036 1411 1152 1488 οῦσίας.

58 1524 135 1596 Πῶς
161 1517 203 1583 σ’ίν
230 1506 282 1583 οῦν
307 1519 354 1603 εἴη
382 1516 556 1602 διορισμὸς,
585 1514 757 1603 ἑτερότητος
786 1545 819 1604 με
845 1518 887 1602 μῆ
908 1518 1015 1605 οῦσης,
1043 1523 1096 1588 καί
1115 1517 1152 1586 τό

57 1623 158 1711 πόντη
185 1630 306 1708 πρῶτον
332 1624 484 1710 ἡνωμένον
504 1630 569 1700 πῶς
591 1623 629 1690 όν
649 1624 847 1708 διωρισμένον
868 1629 915 1712 τίη
935 1625 1015 1711 πρός
1035 1635 1154 1714 Sapor,-

58 1731 138 1802 ὥστε
156 1730 297 1818 φανερόν,
320 1727 369 1798 ότι
388 1733 410 1817 ῆ
432 1734 486 1816 μὲν
507 1733 609 1812 οῦσία,
631 1732 672 1807 ὥς
691 1729 769 1816 μόνη
782 1733 871 1798 οῦσία
890 1731 968 1820 πρὸς
985 1733 1044 1818 τῆν
1068 1733 1154 1818 ζαῆν,

58 1845 100 1922 οἷς
126 1840 225 1922 τοότῳ
255 1841 335 1925 μόνῳ
364 1843 640 1924 σονθεωροομὲνην
669 1844 714 1924 τῷ
742 1845 796 1922 τῆς
817 1843 895 1925 ζωῆς
916 1837 1057 1922 ἰδιώματι
1078 1843 1154 1926 μετοί

61 1979 145 2027 τινος
166 1947 319 2033 ἰδιότητος
332 1951 360 2028 ⁶)
382 1951 515 2036 πέφηνε·
542 1946 579 2014 τό
597 1945 632 2014 δὲ
652 1947 693 2022 ὣς
713 1945 845 2032 ἀληθῶς
864 1949 1061 2033 ῆνωμένον
1083 1948 1153 2016 οῦττ

59 2057 119 2147 ζωῆ
141 2087 209 2137 πω,
238 2053 312 2123 οῦτε
332 2059 420 2137 νοῦς,
449 2056 518 2123 οῦτε
540 2056 649 2134 οῦσία,
674 2052 755 2142 πλῆν
774 2063 801 2122 εί
821 2055 862 2141 μῆ
884 2053 962 2122 κατὰ
987 2058 1154 2144 ἀναλογίαν

58 2164 128 2234 τινὰ
157 2163 179 2252 ῆ
208 2161 288 2230 κατὰ
314 2167 443 2248 ἔμφασιν
469 2162 596 2251 αίτιτόδη
623 2164 718 2230 ἐνιότε
745 2167 796 2230 καὶ
828 2169 922 2229 τοῦτο
953 2164 1094 2251 λέγουσιν
1123 2171 1153 2234 οἶ

60 2270 293 2360 φιλόσοφοι,
321 2267 402 2336 ἄλλό
427 2273 528 2337 πάντα
549 2271 731 2358 ἀδιορίστως
752 2273 803 2336 καί
823 2268 900 2336 κατὰ
920 2268 976 2358 τῆν
995 2272 1055 2355 πρό
1074 2271 1155 2337 πιίν-

59 2410 119 2452 των
145 2381 300 2469 ῆνωμένην
326 2377 499 2466 ὑπεροχήν·
521 2379 572 2445 διὸ
605 2378 682 2468 πρός
713 2377 803 2444 οῦδὲν
837 2378 1092 2466 ῦιτιδιαιτέκριτοι
1120 2377 1157 2447 τό

60 2493 217 2580 ῆνωμένσν
246 2488 286 2564 ὡς
312 2486 413 2555 πάντα
441 2486 478 2556 όν
505 2493 606 2564 τῦνί)
636 2493 669 2555 ἓν
696 2492 780 2573 μέρει
808 2486 1008 2574 διωρισμένων
1035 2493 1067 2559 έν
1089 2503 1158 2567 ταῖς

60 2600 378 2688 ῆμετέραιςέννοίαις.

143 2706 223 2788 Περί
249 2705 302 2789 μὲν
329 2709 386 2768 τοῦ
412 2703 616 2787 ῆδωμένου
641 2699 720 2784 πρός
747 2699 813 2776 ἑνὸς
839 2707 891 2768 καί
924 2701 1034 2780 σῦσίας
1056 2709 1156 2772 ταῦτα

58 2813 113 2904 χρῆ
136 2820 249 2880 ἐννοεῖν
269 2809 347 2877 ιιατιί
363 2810 415 2880 ,uh
424 2808 564 2878 δυνατόν.

143 2927 187 2987 Εἰ
198 2920 231 2984 δὲ
252 2923 286 2984 έν
303 2931 367 2994 τοῖς
387 2919 527 3002 πρόσθεν
544 2916 606 3001 ’τῆν
619 2919 725 3001 τρίτην
746 2916 836 3003 ἀρχὴν
851 2918 891 2991 ὡς
909 2918 1063 3004 ῆνωμέιην
1079 2911 1156 2985 nato}

61 3029 96 3097 τό
121 3027 159 3095 όν
181 3032 322 3108 ἐτίθεμεν
341 3028 392 3091 καὶ
412 3031 505 3091 τοῦτο
528 3022 631 3090 διττόν
653 3028 822 3109 ἐποιοῦμεν,
843 3022 880 3090 τό
900 3027 954 3109 μέν
967 3031 996 3102 8)
1018 3027 1156 3094 οῦσιῦι-

61 3139 139 3216 osc,
166 3133 203 3202 τό
237 3135 270 3200 δέ
299 3139 479 3213 ἑνιαῖον,
508 3131 587 3199 ἀλλὰ
615 3139 668 3199 νῦν
696 3140 739 3212 εἰς
767 3130 801 3200 τό
832 3141 865 3200 έν
891 3133 951 3219 πρό
980 3134 1093 3219 ἀμφοῖν
1114 3140 1154 3205 τό

61 3244 123 3311 δύο
152 3239 379 3326 σαμπτόξαντες
407 3243 659 3324 ναὶ“νατωτέραν
687 3247 744 3307 τοῦ
770 3243 884 3326 νοητοῦ
909 3240 947 3306 τό
975 3241 1156 3328 διωρισμένοι

61 3351 117 3417 δύο
146 3350 285 3428 τάξαντες
309 3353 354 3434 τῷ
382 3375 414 3414 τε
437 3345 628 3414 Πλοίτωνι
650 3346 796 3433 σύμφωνα
816 3349 917 3432 λέγειν
937 3346 1083 3434 ἐδόξαμεν
1104 3355 1156 3418 καί

63 3465 106 3544 τῷ
130 3460 233 3542 νοητῷ
255 3459 307 3522 καὶ
328 3458 424 3541 πάντη
453 3456 597 3541 ἡνωμένην
627 3459 681 3520 καί
713 3457 781 3540 περὶ
823 3454 968 3540 τάγαθοῦ
996 3483 1157 3526 συνεσπει-

64 3570 194 3652 ραμένῳ,
224 3563 302 3630 κατίι
328 3564 382 3630 τὸν
406 3565 434 3628 ’I
438 3563 485 3648 σίμ
493 3570 516 3649 β
524 3565 642 3648 λιχον
662 3560 701 3629 τοί
726 3559 897 3646 σεμνότατα
917 3567 979 3632 τῶν
999 3566 1158 3650 νοημάτων

96 3783 126 3843 Ιι)
145 3777 222 3832 Mon.
236 3773 372 3846 οὐδέτερον
384 3790 438 3826 σοι.
450 3773 494 3824 Ad
508 3769 763 3844 στεφανώσων.
777 3784 871 3828 notat:
891 3773 916 3824 ιἰ.
929 3771 956 3824 ἒ.
966 3772 1102 3845 οὐδέτερον

393 3877 394 3881 =
878 3841 909 3916 β’.
921 3858 945 3889 ν·
958 3844 1156 3917 συναμφότερον

639 3979 641 3982 .
883 3927 911 3988 ί.
925 3911 950 3986 g.
966 3933 1094 4006 έκοίτερον.

99 4004 128 4070 5)
148 4005 221 4057 Μοσ.
242 4003 328 4073 μόγις.
357 4030 391 4044 -
431 4003 463 4070 6)
482 4003 556 4056 Mon.
576 4001 604 4054 in
621 4013 694 4054 textu
712 3999 879 4072 ἑτερότητος,
898 4003 931 4054 οδ
953 4021 1037 4075 marg.
1056 4017 1082 4056 et
1098 4006 1156 4076 ipse

67 4073 141 4126 δδιιντ.
181 4105 211 4115 -
249 4083 291 4142 7)
311 4073 408 4125 Hamb.
428 4070 518 4125 ὄντων.
551 4073 626 4124 Mon.
649 4069 1102 4140 ὅντα....νιερὲμίνοῦνινῦῆν.
1124 4103 1155 4116 -

66 4139 94 4207 8)
115 4145 188 4196 Μοσ.
207 4147 256 4211 μέν
274 4159 326 4193 om.
347 4145 410 4194 Mox
430 4142 448 4194 l.
470 4147 613 4209 κατωτέρω.
633 4141 704 4192 Dein
724 4141 799 4208 Μοσ.
816 4145 875 4210 περὶ
893 4141 1023 4209 τάγαθὸν.
