2770 4840
1099 268 1169 329 215

78 442 200 533 στροῳῆ,
224 439 302 512 οότω
323 448 375 512 καί
394 446 414 530 ῆ
436 442 581 532 πρόοδος·
605 443 679 511 αὐτὸ
702 445 774 533 γάρ,
803 437 923 524 ὸὲστι,
953 448 1004 512 καί
1025 445 1078 530 ἀφ’
1099 449 1169 512 ἑαυ-

77 558 125 619 τοῦ
145 556 262 642 πρόεισι
282 554 360 620 κατά
378 551 414 618 τὸ
435 559 469 620 έν
490 553 574 640 αὐτῷ
596 553 820 640 διακεκριμένον
837 555 890 620 καί
903 547 961 619 τοῦ
973 550 1034 637 πρὸ
1055 552 1167 620 αάεοῦ’

74 663 143 726 καθ’
154 663 301 750 Ἰἑκάτερον
322 665 380 748 γάρ
402 665 483 728 ἐστιν
500 656 518 727 δ’
535 666 616 728 ἐστι·
638 663 691 728 καϊ
711 657 767 749 γάρ
788 665 866 730 καθ’
887 661 1025 746 ἑκάτερον
1037 659 1165 747 προελῆ·

74 769 165 836 λυθε·
196 773 248 837 καί
279 774 384 856 μέντοι
413 773 466 836 καί
487 769 550 836 άπὸ
570 773 627 837 τοῦ
647 777 748 837 αἰτίου
768 768 845 839 κατά
866 766 900 836 τὸ
924 767 1166 856 συναμφότερον·

73 879 117 942 καί
142 875 197 966 γάρ
218 875 291 946 αι’ντό
315 875 351 945 τὸ
377 876 599 966 προεληλυδὸς
622 874 694 946 ὸλον
714 877 731 946 δ’
752 885 831 961 ἐστι,
853 875 929 946 κατά
951 875 986 946 τὸ
1010 877 1166 963 συναμῳά·

74 1004 164 1070 τερον·
193 983 229 1053 τὸ
252 982 307 1074 γάρ
328 984 470 1060 ἀπὸτοῦ
490 985 612 1072 νἰροίτου
637 985 841 1071 διακριθῆναι
870 983 947 1053 κατά
974 983 1031 1073 τῆν
1059 991 1161 1072 τρίτην

72 1091 230 1181 διάκρισιν,
250 1096 302 1162 καί
320 1093 396 1162 αὐτὸ
416 1098 449 1162 έν
471 1097 572 1179 ἑαυτῷ
593 1094 820 1180 διακεκριμένον
841 1093 1005 1176 ἀπέδειξεν.
1029 1093 1164 1179 Ὁμοίως

72 1199 124 1287 άρα
143 1205 195 1270 καὶ
215 1201 237 1290 ῆ
259 1199 335 1289 μονῆ
358 1205 400 1288 τῷ
417 1199 602 1288 ὑποκειμένῳ
621 1200 842 1288 ἐστινῆαύτῆ,
862 1207 962 1288 σχέσει
972 1203 1162 1290 διαφέρουσα

71 1308 161 1392 μόνον.
214 1309 261 1380 Τό
284 1308 345 1398 γάρ
364 1307 406 1396 μό
428 1313 529 1398 πάντη
551 1310 712 1396 διαστῆναι
734 1315 790 1377 τοῦ
811 1317 927 1391 αἰτίου,
948 1313 1040 1378 τοῦτο
1061 1315 1161 1394 ἐποίκ-

71 1442 116 1483 σεν
135 1414 210 1484 αὐτὸ
230 1418 308 1505 μηδὲ
329 1421 443 1486 ἑαυτοῦ
463 1414 563 1505 πάντη
593 1417 766 1504 διαστῆναι.
820 1424 874 1505 Τῳ
896 1419 978 1506 αὸτῳϊ
998 1417 1057 1503 ἄρα
1078 1425 1159 1505 μονί·

69 1551 109 1609 μῳ
128 1529 178 1594 καί
192 1528 222 1604 9)
252 1531 284 1594 ἐν
304 1530 404 1612 ἑαυτῷ
423 1529 523 1610 μένει,
543 1528 596 1593 καί
617 1532 648 1593 ἐν
670 1531 712 1612 τῷ
733 1521 793 1613 πρὸ
814 1526 931 1607 αὐτοῦ,
951 1529 1002 1593 καί
1022 1531 1065 1613 τῷ
1084 1552 1158 1616 προ·

70 1631 152 1720 οδικῷ
180 1634 236 1721 ἀφ’
257 1639 369 1702 ἑαυτοῦ
396 1659 429 1720 γε
454 1633 576 1718 πρόεισι
597 1638 650 1702 καὶ
678 1635 733 1702 ἀπ’
755 1639 887 1702 ἐκείνου·
910 1637 962 1700 καὶ
982 1631 1021 1710 δῆ
1043 1637 1158 1721 καὶτῷ

68 1743 275 1832 έπιστρεπτικῆι
307 1739 386 1829 πρὸς
419 1739 513 1810 ἑαυτό
548 1770 580 1808 τε
611 1747 817 1830 ἒπέστραπτοιι
851 1745 903 1810 καὶ
935 1739 1012 1831 πρὸς
1046 1747 1156 1848 ἐκεῖνος·

71 1854 161 1918 Τοῦτο
193 1851 229 1918 δέ
248 1854 314 1918 ἐστι
337 1849 374 1916 τὸ
393 1857 494 1938 τρίτον
515 1865 736 1938 στοιχεῖον,
766 1849 853 1919 καθὸ
873 1851 910 1920 τὸ
930 1848 1095 1939 προοδικὸν
1114 1881 1157 1940 τῳ

67 1966 170 2045 μονίμῳ
189 1959 382 2028 συνδέδεται.
404 1959 485 2026 ’Ἐκ
512 1961 602 2047 τριῶν
623 1958 684 2046 ἄρα
706 1963 822 2028 τούτων
843 1965 908 2028 ε’στϊ
929 1959 964 2027 τὸ
985 1960 1157 2047 προεληλυ-

66 2065 134 2148 δὸς,
162 2067 200 2136 σά
229 2066 316 2136 καθὸ
344 2066 524 2155 προῆλθεν,
552 2064 633 2135 ἀλλά
652 2068 741 2136 καθὸ
763 2066 836 2136 τάδε
858 2069 924 2134 οἷον
943 2072 1026 2145 νοῦς.
1064 2064 1157 2138 ’Ἐστι

66 2171 160 2242 δὲκαὶ
179 2180 272 2261 έντῷ
293 2173 434 2263 προϊόντι
454 2173 492 2244 τά
515 2182 603 2262 τρία,
635 2175 702 2244 ἀλλ’
725 2176 780 2244 οὖν
802 2181 835 2242 ἐν
854 2172 938 2261 μόνῳ
959 2178 1003 2262 τῷ
1021 2176 1155 2262 προελη-

67 2280 186 2350 λυθότι·
215 2288 279 2352 ἔστι
307 2286 358 2351 καὶ
380 2289 417 2350 έν
447 2288 488 2370 τῷ
509 2287 630 2370 μένοντι
658 2281 723 2372 πρὸἱ
747 2289 803 2351 τοῦ
830 2282 1007 2371 προϊόντος,
1031 2283 1100 2351 ἄλλ’
1122 2289 1155 2352 ἓν

66 2385 150 2476 τοότῳ
175 2393 231 2478 μὲν
257 2395 445 2486 συνῳρημένα
475 2394 527 2458 καί
554 2389 734 2478 ἀδιάκριτον·
767 2394 800 2458 έν
820 2391 855 2458 δὲ
879 2395 922 2476 τῷ
940 2397 1032 2477 τρίτῳ
1049 2390 1152 2486 διῳρῆ·

66 2500 142 2579 μένα·
166 2505 199 2568 έν
217 2499 254 2566 δὲ
274 2505 318 2587 τῷ
338 2505 420 2587 μέσῳ
440 2505 553 2586 μέσως,
584 2503 635 2567 καί
665 2499 880 2632 διακρινόμενμ
902 2499 1006 2585 μόνον.
1032 2557 1044 2562 -

99 2601 102 2605 ’
128 2607 258 2674 Ἀλλ’
231 2633 259 2674 ει
280 2605 445 2695 ἀδιάκριτον
460 2610 543 2691 1)ἒ’ν
563 2611 608 2693 τῷ
627 2605 738 2691 πράτῳ
760 2604 869 2673 οὐδ”
848 2633 886 2672 αν
906 2611 1008 2692 μένειν
1028 2603 1147 2688 λέγοιτο
1161 2595 1237 2676 Cap·

65 2713 233 2795 δικαίως
194 2744 230 2785 το
253 2723 392 2802 πρῶτον·
421 2714 445 2802 ῆ
472 2717 514 2794 ὥς
540 2744 595 2802 μιν
613 2721 680 2802 ἔχον
697 2716 732 2782 τὸ
755 2712 884 2802 μόνιμον
905 2729 1103 2802 στοῳεϊον,
1094 2715 1148 2784 οὗκ
1181 2693 1233 2750 77‘

65 2819 94 2886 όν
111 2824 244 2912 λέγοιτο·
271 2826 308 2894 οὗ
327 2827 384 2913 γάρ
405 2830 465 2912 ἔχει
485 2855 543 2892 κατ
543 2825 761 2910 ’ἀλήθειαν
744 2828 967 2912 αῳωρισμένον
989 2823 1031 2902 ὥς
1052 2823 1147 2890 δὲ
1105 2853 1166 2912 μη·

64 2931 160 3017 προϊὸν
179 2935 300 3021 λέγοιτο
321 2932 360 3001 ι’ϊν
380 2931 457 3001 κατά
479 2935 649 3025 άναλογίαν
670 2934 713 3010 ὥς
729 2930 806 3021 πρὸς
826 2928 862 3000 τό
882 2940 997 3017 τρίτον,
1017 2931 1039 3021 ἢ
1059 2935 1094 3002 τό
1116 2961 1149 3018 γε

63 3033 197 3127 διάτορον.
241 3045 307 3110 Καὶ
328 3041 367 3129 δῆ
386 3041 421 3109 τὸ
444 3041 556 3129 προϊὸν
576 3039 653 3125 πρὸς
673 3041 708 3106 τὸ
725 3038 881 3126 ὲλῆλυθὸς
901 3043 954 3106 καί
973 3041 1082 3128 προϊὸν
1094 3044 1147 3126 μέ-

64 3167 107 3210 νον
130 3147 246 3234 λέγοιτο
269 3146 325 3216 άν·
355 3148 434 3216 κατὰ
454 3144 609 3234 ἀλήθειαν
629 3147 665 3214 δὲ
686 3147 859 3236 οὐδέτερον·
892 3144 978 3215 σάπον
998 3145 1058 3236 γάρ
1071 3147 1149 3216 ὀὐδὲ

64 3251 90 3316 ἕν
110 3251 203 3384 τούτῳ
225 3253 440 3344 διώρισται
401 3285 440 3323 τα
463 3267 613 3344 στοιχεῖα
636 3253 703 3322 ἓν”
681 3281 743 3351 αρα
757 3261 799 3341 τῆ
818 3261 908 3340 τρίτῳ
932 3253 970 3321 τά
990 3261 1057 3391 τρίρι
1077 3252 1147 3320 διαί·

64 3381 153 3441 ρισται
178 3363 224 3430 ἀπ
225 3361 416 3450 ’ἇλλῆλων·
444 3359 613 3452 πράτον”
591 3389 651 3494 αρα
671 3360 707 3430 τὸ
729 3370 829 3450 τρίτον
851 3368 973 3450 κυρίως,
994 3366 1046 3430 καί
1065 3368 1148 3448 μένει
1170 3377 1234 3432 9⁸3·

64 3469 107 3532 και
124 3470 262 3559 πρόεισι,
289 3474 401 3540 καϊέπ
377 3477 535 3562 πιστρέῳει
560 3469 639 3558 πρὸς
664 3468 700 3538 τὸ
726 3471 787 3558 πρὸ
813 3475 941 3540 ἑαυτοῦ·
969 3469 1047 3538 όλλά
1067 3455 1148 3558 πρὸς
1178 3446 1235 3500 ¹²⁷¹

63 3574 108 3656 μὲν
126 3576 160 3644 τὸ
179 3579 335 3666 προςεχὸς,
365 3571 439 3664 ὸπέρ
467 3573 507 3667 ἦν
530 3577 565 3648 τὸ
587 3579 725 3669 δεύτερον
746 3577 823 3649 κατά
842 3580 900 3673 τῆν
921 3579 980 3647 ὑπὸ
1002 3585 1057 3648 τοῦ
1078 3580 1146 3647 δεν-

65 3685 142 3768 τέρου
161 3686 361 3776 παραλλαγήν
383 3693 488 3757 τεκαὶ
508 3680 689 3767 ὑπόστασιν,
712 3689 779 3755 οἷον
799 3685 853 3774 τῆν
874 3686 936 3756 άπὸ
960 3693 1015 3756 τοῦ
1035 3687 1149 3775 διακρι-

65 3796 195 3876 νομένου·
224 3792 304 3864 κατά
331 3797 365 3864 δὲ
393 3793 449 3882 τῆν
476 3795 538 3864 ἀπὸ
566 3800 625 3864 τοῦ
652 3795 830 3883 ἆδιακρίτου
858 3799 910 3864 καϊ
929 3795 1051 3886 στράτου
1072 3791 1148 3882 πρὸς

66 3898 134 3969 τὸτὸ
155 3904 192 3972 τό
220 3906 391 3994 ὑπέρτερον.
439 3904 475 3974 ‘0
504 3905 558 3992 γάρ
590 3908 661 3983 νοῦς
683 3908 755 3992 φέρε
776 3911 873 3972 εἰπεῖν
892 3907 945 3972 καί
965 3901 1041 3992 πρὸς
1070 3899 1148 3988 ζαῆν

125 4090 153 4156 μ)
172 4089 248 4143 Mon.
269 4091 312 4142 καὶ
330 4093 355 4142 ἰν
374 4092 456 4158 ἑαυτῷ
475 4093 545 4159 μένει
559 4088 669 4144 omittit.

128 4159 244 4224 ¹.)M0n
261 4159 334 4214 Ἀλλὰ
352 4157 447 4232 ἃδιακρ
449 4196 524 4215 .....
531 4164 605 4230 μένον
623 4163 726 4229 λέγοιτο
728 4195 801 4215 .....
813 4155 878 4210 κατὰ
865 4117 979 4224 ολῆθ.
