2798 4834
238 211 316 342 ὑετο-
360 345 363 357 Ι

244 442 298 505 καί
316 441 519 526 ἐπιστρέφειν,
549 439 573 526 ἡ
602 447 656 507 τοὺ
681 441 840 526 γεννύνντος
866 444 919 508 καί
946 443 1147 528 γεννωμένου·
1189 439 1334 526 διαφοραί

244 543 301 629 γάρ
322 548 374 612 καί
394 538 489 614 αὑταί
498 560 592 626 τινες.
626 545 701 614 Ἔτι
712 543 816 634 ἐπτιόὴ
826 543 886 634 πρὸ
899 543 1022 614 πάντων
1034 552 1131 633 ἐκείνη
1148 550 1230 616 ἐστίν
1242 596 1251 628 ,
1274 553 1338 615 ἐστι

245 653 297 718 καί
316 652 438 720 πάντων
459 653 547 742 ἅρχὴ·
569 653 657 722 οὐδὲν
678 653 715 722 ἂν
734 656 881 742 ὑπομένοι
899 661 961 722 τῶν
975 655 1029 724 ὑπ’
1044 655 1136 743 αὑτῆς
1150 655 1335 745 προϊόντων·

245 758 320 828 ούδέ
342 759 404 847 άρα
425 759 540 829 τούτων
559 789 590 829 τι
610 763 797 849 ὑπομείνειεν
813 765 834 849 ἡ
853 761 959 851 ἆργικὴ
974 765 1005 848 5),
1022 767 1085 832 τῶν
1100 763 1221 832 πάντων
1233 763 1336 848 φύσις.

244 871 311 949 ,Καί
332 874 432 937 ταῦτα
453 871 487 938 δὲ
507 876 568 938 τῶν
589 869 709 940 πάντων
728 873 792 940 ἐστί
819 874 871 938 καί
896 870 958 960 ἤδη
985 876 1046 938 τοῖν
1076 871 1155 940 κατά
1184 873 1337 960 διάκρισίν

203 983 206 990 ’
248 1007 318 1048 τινα
338 976 526 1064 ὑφιστύτων.
572 977 653 1047 Οὑδέ
673 977 788 1046 τούτων
806 978 868 1067 άρα
884 1007 915 1046 τι
932 980 1111 1062 ἐνδείξεται,
1130 981 1169 1050 οὑ
1191 979 1287 1066 μόνον
1306 991 1336 1050 ἓν

157 1762 231 1839 Cap.

165 1854 232 1927 ¹05.

248 1086 329 1156 εέὺαι
348 1086 460 1171 φαμέν,
480 1086 543 1153 ἄλλ’
566 1086 637 1154 οὑδὲ
659 1087 756 1154 οὐδέν.

323 1193 396 1262 Ἔτι
418 1201 446 1262 εἰ
465 1198 497 1260 έν
517 1197 561 1279 τῷ
582 1193 703 1260 πάντων
723 1198 893 1288 ἐξῃρῆσθαι
913 1200 967 1264 καί
985 1194 1109 1264 πάντων
1130 1196 1210 1263 εἶναι
1230 1194 1333 1282 κοινὴν

246 1302 339 1388 ἇργὴν
360 1307 420 1388 έγει
440 1299 474 1368 τό
496 1302 590 1382 εἶναι,
612 1305 679 1380 πῶς
696 1303 750 1388 μέν
770 1307 815 1370 ἔτι
836 1301 925 1390 κοινή
947 1304 966 1390 ἡ
988 1303 1078 1388 φύσις
1097 1309 1216 1390 ἐκείνης
1249 1307 1332 1390 εἴπερ

246 1411 324 1487 ἴδιός
343 1413 440 1490 ἐστιν,
472 1411 537 1476 οἷον
557 1407 653 1496 μονάς
672 1415 729 1478 τοὺ
750 1411 802 1495 ὑφ’
827 1415 937 1496 ἑαυτῆς
965 1410 1140 1496 άμεθέκτον
1165 1409 1328 1497 πλήθους·

245 1521 311 1594 πῶς
330 1517 364 1586 δὲ
385 1518 569 1595 ἀσύντακτος
586 1517 682 1603 αὑτὴς
694 1519 713 1604 ἡ
724 1514 832 1604 φύσιςς
853 1522 936 1606 εἴπερ
949 1523 1007 1608 έγει
1020 1519 1175 1604 μεθεκτόν
1187 1523 1314 1604 πλῆθος
1325 1541 1336 1600 ¹:

247 1631 307 1694 πᾶν
327 1627 362 1694 δέ
382 1625 422 1696 τό
445 1631 585 1694 τοιοῦτον
605 1627 800 1694 συντάττεται
821 1639 885 1703 τοῖς
906 1628 1001 1696 αὑτοὺ
1022 1631 1188 1714 μετέχοντι.

327 1737 406 1817 Περί
424 1735 479 1818 μέν
500 1731 539 1820 δὴ
561 1738 616 1820 τῆς
632 1730 755 1820 πρύτης
775 1741 872 1812 αἰτίας
891 1743 921 1802 τί
941 1735 989 1802 δεῖ
1002 1730 1221 1822 ἀπομηκύνειν,
1246 1733 1340 1815 οὐδὲνΙ

247 1839 322 1919 ύλλο
344 1840 445 1910 κοινόν
466 1841 543 1929 πρὸς
563 1837 602 1906 τά
622 1839 701 1908 ma
719 1840 819 1908 πάντα
839 1839 984 1930 ἐχούσης,
1003 1840 1025 1928 ἡ
1045 1845 1137 1909 τοῦτο
1157 1837 1265 1927 μόνον,
1287 1837 1336 1906 ότι

247 1951 366 2022 πάντων
387 1946 542 2044 ἐξῄρηται,
562 1952 614 2016 καί
634 1952 756 2016 πάντων
775 1956 859 2018 αἰτία
881 1953 977 2032 ἐστίν,
1006 1950 1079 2018 οὑδὲ
1100 1947 1136 2016 τό
1157 1956 1242 2017 αἰτία
1262 1950 1336 2015 διω-

248 2062 385 2146 ρισμένον
406 2062 514 2146 ἔχοντα
534 2057 618 2144 παρὰ
639 2058 674 2124 τὸ
696 2065 744 2124 ἓν·
774 2057 853 2126 ἄλλά
872 2057 924 2126 διά
943 2067 974 2128 τί
994 2055 1029 2125 τό
1049 2063 1202 2146 ἡνωμένον
1225 2057 1281 2124 οὑκ
1302 2054 1337 2122 ίίν

247 2167 402 2252 προέλθοι
422 2172 465 2242 εἰς
485 2163 586 2232 διττόν
605 2164 659 2249 ὑφ’
679 2169 789 2232 ἑαυτοῦ
816 2164 1026 2253 παραγόμενον
1045 2157 1187 2252 πλῆθος,
1219 2166 1345 2254 ὑμέθω

247 2271 319 2341 κτάν
330 2301 364 2340 τε
384 2277 434 2340 καί
453 2270 625 2360 μεθεκτόνς
645 2271 819 2359 μᾶλλονδὲ
840 2271 877 2339 τό
896 2273 950 2358 μὲν
970 2273 1144 2364 ἇμέθεκτον
1164 2272 1336 2357 ὁμολογοῦ-

221 2438 227 2452 .
246 2404 317 2469 μεν·
339 2383 417 2450 εἶναι
437 2382 494 2469 γάρ
515 2380 617 2449 πολλὰ
638 2378 675 2448 τό
695 2379 817 2466 νοητόν·
832 2377 994 2467 ,τριαδικόν
1008 2377 1065 2467 γάρ
1079 2379 1158 2448 αὑτὸ
1174 2380 1337 2447 διατελοὺ·

218 2509 299 2577 ’μεν
323 2495 531 2577 θεωροῦντες,
554 2496 615 2586 Ι’ίνοι
635 2489 676 2574 μὴ
696 2492 748 2555 καί
768 2482 975 2573 τριπλασιάσω
1001 2484 1055 2571 τὴν
1085 2485 1192 2574 τριάδα
1222 2485 1338 2572 ταύτην

246 2606 290 2677 εἰς
311 2598 436 2666 ἐννεάδα
450 2601 489 2674 ¹).
533 2596 619 2665 Ἔδει
649 2589 703 2665 οὑν
728 2600 780 2665 καί
800 2597 835 2664 τὸ
864 2594 1016 2684 μεθικτόν
1036 2601 1174 2684 προϊέναι
1204 2592 1284 2679 μετά
1304 2593 1339 2660 τό

246 2701 421 2794 άμέθεκτον.
464 2703 513 2774 ’Ἠ
529 2704 604 2791 τάχα
626 2705 832 2792 άίηθέστερον
852 2711 961 2780 εἰπεῖν,
1000 2696 1046 2770 ’ότι
1067 2702 1141 2796 οὑδὲ
1161 2698 1197 2768 τά
1221 2692 1345 2786 ὑμέθεᾸ

246 2839 317 2880 κτον
329 2815 464 2900 πρόεισιν
469 2819 493 2894 ,·‘
505 2812 543 2880 ού
566 2810 621 2897 γάρ
640 2809 735 2897 μόνον
755 2808 791 2878 τό
805 2807 865 2905 Ἕν
879 2811 1034 2878 ἆναίνεται
1050 2810 1085 2878 τὸ
1109 2807 1347 2898 διακρινόμενονΙ

245 2922 387 3008 πλῆθος,
408 2918 487 2988 ἄλλά
509 2921 561 2986 καί
581 2915 617 2985 τό
637 2920 789 3004 ἡνωμένον
811 2917 957 2988 δαννεὺον
977 2914 1050 2986 ’όλον
1069 2916 1145 3002 πρός
1160 2914 1197 2983 τύ
1215 2925 1265 2994 ἓν,
1288 2919 1338 2982 καί

246 3027 323 3096 κατά
342 3026 398 3116 τὴν
421 3033 534 3096 ἐκείνου
554 3022 646 3110 φύσιν
665 3028 730 3093 οἷον
750 3024 997 3112 εἰδοποιούμενον
1017 3029 1069 3092 καί
1089 3025 1215 3112 μηδαμὴ
1235 3024 1337 3112 μηδα-

237 3141 307 3224 μῶς
328 3136 422 3204 αὑτοῦ
443 3137 634 3220 ὑφίστασθαι
656 3135 851 3221 βουλόμενον.
890 3134 941 3202 Ἐν
957 3131 1053 3218 τούτῳ
1069 3129 1125 3218 γάρ
1139 3136 1198 3219 ἔχει
1210 3131 1245 3199 τὸ
1262 3131 1340 3198 εἶναι

246 3243 282 3312 τό
303 3248 422 3333 πρῶτον
441 3245 605 3330 ἡνωμένον.
642 3243 697 3320 Ὡς
718 3233 773 3310 οὑν
793 3239 829 3308 τό
849 3246 987 3326 πρῶτον,
1013 3248 1139 3332 έιιαοτρν
1162 3239 1338 3330 ἀληθέστε-

246 3379 298 3440 ρον
312 3358 339 3438 2)
362 3354 439 3420 εἶναι
459 3349 586 3438 ἀνάγκη·
608 3358 637 3418 τί
658 3348 714 3438 γάρ
735 3347 772 3414 ἂν
793 3352 840 3434 εἴη
860 3346 920 3433 πρὸ
940 3348 1056 3428 αὑτοῦ,
1076 3344 1137 3433 πρό
1157 3353 1216 3414 τού
1234 3345 1339 3426 ὄντος,

245 3457 326 3532 οὑτω
338 3464 389 3530 καί
402 3468 500 3543 τοῦτο,
521 3459 641 3539 πάντως
656 3452 705 3528 ’ότι
715 3456 920 3545 ’ἀληθέστατά
931 3460 1184 3545 ἐστινὴιωμένον.
1210 3457 1340 3542 Οὑδαμὴ

247 3571 307 3658 άρα
330 3572 473 3658 οὑδεμίαν
495 3569 569 3637 οὑδὲ
589 3566 626 3634 τό
645 3569 796 3655 ἡνωμένον
816 3566 983 3652 ἐπιδέχεται
1004 3564 1170 3651 διάκρισιν,
1191 3563 1264 3630 οὑδὲ
1280 3563 1338 3649 άρα

246 3681 391 3768 πρόοδον,
414 3678 482 3747 οὑδὲ
503 3678 677 3764 ἡντιναοῦν·
702 3673 843 3742 τοιοῦτον
865 3669 922 3759 γάρ
942 3676 988 3760 εἴη
1011 3669 1048 3738 άν
1067 3669 1145 3741 κατά
1166 3667 1203 3738 τό
1220 3667 1342 3738 δικαιό-

247 3815 356 3868 τατον,
391 3786 441 3852 οἶα
461 3787 512 3854 καί
533 3782 572 3851 τά
593 3783 744 3851 δοκοῦντα
766 3781 863 3848 αὑτοῦ
892 3779 1128 3867 στοιχείαεῖναι
1155 3777 1285 3854 δικαίως
1303 3773 1343 3842 όν

316 3967 345 4032 5)
367 3964 474 4030 Μοο.ἡ
496 3963 570 4034 ύρχὴ.
614 3961 727 4013 Ισίστίαε
750 3963 805 4012 οἶον
828 3959 911 4030 μονάς
935 3961 982 4010 τοὺ
1008 3957 1051 4026 (ἐφ’
1076 3933 1167 4024 έαυτὴΙς
1189 3955 1345 4027 ύμέθικτσν

248 4035 375 4100 πλήθους.
394 4065 427 4076 -
449 4038 475 4100 ι)
497 4037 571 4084 Mon.
592 4035 628 4091 τίς
645 4030 784 4083 ίνιίδα.·--
803 4034 830 4088 ο)
850 4028 922 4080 Idem
934 4027 1117 4092 ἀληθέστατον
1125 4065 1134 4088 ,
1156 4037 1182 4078 τι
1194 4042 1256 4078 mox
1273 4024 1344 4089 άλη-

248 4110 366 4158 θίστατα
382 4102 512 4171 ἡνωμένον
531 4106 607 4154 ἐστιν.
