2824 4838
224 299 269 364 58

222 477 244 564 ἡ
263 475 340 564 πρὸς
360 471 451 548 ἑαυτὸ
473 475 675 560 ἐπιστροφῆς,
696 480 741 548 τίς
761 469 921 550 άνένδεισ
941 477 1049 557 φανείη
1070 475 1114 554 τῷ
1125 467 1223 553 πάντη
1239 467 1317 553 ἡνω-

225 589 321 672 μένῳ,
340 583 393 652 καί
411 577 543 668 μάλιστά
556 605 588 666 χε
608 579 697 664 ἡτοῖι
713 587 847 666 χείρονος
868 579 969 648 ε”νδεια
986 579 1037 664 ἀφ’
1057 571 1093 665 tis
1106 581 1202 644 τανῦν
1218 571 1318 662 ὥρμη-

227 719 279 762 σεν
300 694 317 758 ὃ
336 691 441 779 λόγος.
474 684 525 756 διδ
546 690 598 779 καὶ
623 691 675 754 ἐντί
704 691 819 772 ταύτην
840 671 941 776 Ιοἷρχὴν
970 685 1203 774 ἀσφαλεστάτην
1229 685 1322 771 ἀνέβη

227 797 491 888 Παρμενίδης
513 797 529 863 ὃ
548 799 659 883 μέγας,
682 795 723 874 ως
744 794 986 880 άνενδεεστοίτην.
1022 793 1071 862 ”H
1084 791 1244 874 πάντωςῖ)
1266 792 1321 877 μὲν

227 907 276 974 δεῖ
295 903 329 974 τά
348 911 404 972 τοῦ
415 903 638 978 Πλάτωνος
655 906 781 983 ἐννοεῖν,
803 903 842 979 ὡς
862 899 898 970 τά
912 904 1065 990 ἡνωμένον
1079 901 1136 968 οὐκ
1149 905 1232 968 ἔστιν
1244 895 1333 966 αὐτά

191 1093 194 1100 ‚
227 1013 262 1083 ιδ
285 1023 335 1097 ἓν,
356 1012 434 1082 itt&
453 1011 490 1080 τά
506 1007 668 1088 πεπονθὸς
688 1014 801 1092 ἐκεῖνο,
822 1015 874 1079 καί
893 1011 992 1097 δῆλον
1012 1008 1060 1080 ὅτι
1078 1011 1142 1097 μετ’
1163 1015 1258 1082 έκεῖνο
1273 1035 1322 1076 τε·

226 1119 365 1202 νάξεται.
387 1120 424 1188 οὗ
443 1123 556 1208 μέντοι,
577 1117 655 1186 άλλά
675 1121 729 1185 καί
748 1117 826 1185 κατὰ
843 1115 901 1187 τάν
921 1115 1059 1204 παρόντα
1071 1114 1183 1206 τρόπον
1194 1121 1255 1184 τῶν
1267 1114 1322 1182 λό-

230 1253 305 1314 χων,
324 1225 361 1294 τά
380 1227 535 1314 ἡνωμένον
555 1224 739 1293 ἐνδείκνυται
761 1231 792 1293 ἒν
812 1231 913 1312 ἑαυτῷ
935 1231 1013 1314 ἔχον,
1040 1226 1122 1293 τότε
1144 1221 1322 1309 ἑνιζάμενον,

230 1343 274 1412 (εί
294 1340 346 1404 καί
365 1339 413 1404 εἰτ’
426 1341 552 1424 ἔσχατον
565 1337 594 1412 ³)
615 1335 662 1421 εἴη
680 1339 930 1420 καταπεπομένον
950 1332 986 1401 τὸ
1003 1334 1173 1420 ἑνιζόμενον
1194 1331 1254 1400 imo*
1268 1325 1323 1401 τοά

130 1529 134 1538 ⁸
230 1436 394 1523 ἐνίζοντος·
414 1441 572 1532 ’άμωςχδιρ
592 1445 741 1529 ἡνωμένον
763 1445 935 1529 άπὸνειται)
959 1447 1010 1510 καὶ
1031 1441 1106 1510 αὐτὸ
1127 1443 1162 1509 τὸ
1176 1449 1227 1510 ἕν
1248 1445 1278 1509 εἴ
1290 1469 1322 1528 χε

126 1561 128 1571 “
231 1559 439 1641 ἐκστοιχείων
462 1549 496 1620 τδ
519 1551 567 1633 δν,
599 1551 638 1627 ὡς
664 1551 749 1618 δοκεῖ
768 1553 866 1638 λέγειν
886 1547 921 1619 τά
942 1548 1087 1644 μικτὸν
1109 1551 1126 1616 ὁ
1146 1549 1320 1616 Πλάτων.

232 1661 331 1740 δεῖται
344 1663 527 1733 τῶνέαυτοδ
538 1665 708 1745 στοιχείων,
730 1660 790 1726 εἴτε
803 1662 832 1736 ί)
853 1659 987 1745 χαλάσας
1007 1663 1064 1746 τῆς
1077 1661 1132 1725 τοῦ
1150 1657 1314 1736 ένὸςᾶπλό-

144 1769 149 1776 ’
231 1764 320 1856 emec
340 1772 412 1856 έστη
432 1796 464 1836 τι
483 1765 561 1834 κατά
582 1765 619 1834 τὸ
639 1770 749 1850 μέτρον
767 1768 822 1832 τοῦ
844 1764 928 1846 ἑνός,
957 1766 1024 1834 οἷον
1051 1761 1134 1853 παχά
1155 1769 1207 1832 καί
1228 1764 1320 1849 άμφι·

232 1878 326 1961 λαφὲς
346 1874 654 1963 συμπροβαλλόμειόν
684 1869 745 1958 άμα
768 1877 885 1960 iuueni,
910 1877 961 1940 καί
990 1873 1029 1940 τά
1049 1886 1181 1960 στοιχεῖα
1203 1871 1269 1940 σάτι
1291 1877 1325 1960 χέ

232 2013 312 2070 φημι
332 1984 557 2071 διακρινόμενα,
587 1979 666 2048 ἄλλά
691 1987 733 2066 τῷ
753 1987 864 2050 ἑαυτοῦ
889 1986 933 2050 ἑνὶ
958 1983 1101 2068 δεδεμένα
1122 1985 1176 2049 καί.
1193 1986 1239 2048 ἔτι
1259 1982 1323 2050 οἷον

232 2097 453 2178 συγκεχυμένα,
475 2093 621 2158 τυσοῦτον
637 2117 671 2176 χε
693 2091 923 2177 προβληθέντα,
944 2088 1016 2161 ιὁσον
1037 2097 1132 2160 ἐκεῖνο
1138 2142 1152 2178 ,
1170 2095 1277 2179 μηκέτι
1288 2099 1320 2158 ἓν

183 2192 188 2199 ’
233 2200 321 2282 εἶναι,
342 2201 409 2268 ἄλλ’
429 2201 596 2284 ἡνωμένον,
619 2199 708 2265 οὐσία
729 2198 791 2284 ἡδη
814 2199 880 2266 σἰντί
901 2198 1022 2276 ἓνάδος·
1048 2195 1125 2268 οάτω
1146 2196 1204 2287 γάρ
1225 2197 1265 2266 σ’ίν
1277 2227 1325 2278 τις

281 2410 332 2474 ε)
351 2389 427 2460 Mon.
446 2405 555 2458 πάντων.
587 2379 639 2458 Ηίο
658 2405 737 2458 locus
756 2404 820 2457 mihi
837 2421 895 2458 non
914 2405 1015 2476 liquet,
1041 2407 1094 2458 nisi
1118 2395 1235 2478 iegitur:
1258 2405 1274 2474 ἡ
1293 2425 1320 2460 ιτ.

231 2498 260 2547 μ.
272 2477 298 2533 δ.
310 2497 335 2528 τ.
348 2495 374 2528 τ.
384 2477 438 2528 ID..
458 2475 484 2528 ἓν
503 2473 533 2526 ὃν
551 2478 599 2526 ίνν.
620 2473 653 2533 ὣς
666 2495 695 2543 τ.
730 2493 750 2524 ν.
770 2472 817 2525 οὐκ
836 2478 855 2527 ί.
876 2472 928 2542 ἄρα
941 2492 1002 2546 sqq.
1023 2475 1121 2528 Levius
1141 2495 1172 2527 ex
1186 2477 1321 2529 Herennio

232 2546 368 2618 corrigas:
397 2541 417 2610 ἡ
433 2559 460 2598 τι.
479 2563 510 2612 μ.
529 2544 595 2596 iudei
611 2545 643 2596 τὸ
660 2564 685 2596 τ.
735 2545 759 2596 λ.
780 2543 806 2594 ἓν
827 2543 927 2608 imin
945 2551 1012 2614 (pro
1032 2545 1085 2607 ὅτι)
1106 2543 1139 2597 τὸ
1154 2543 1194 2612 ἡν.
1214 2563 1274 2668 ppo.
1299 2545 1322 2599 si

232 2614 300 2667 nihil
320 2624 406 2666 mutas
418 2611 583 2684 ,intelliget
605 2612 720 2666 Omnino
741 2627 804 2664 cum
823 2613 938 2666 Platone
957 2614 1120 2668 censendum
1140 2627 1195 2682 est,

231 2701 285 2737 non
303 2699 360 2736 esse
379 2682 468 2754 ipsum
487 2699 586 2751 purum
604 2683 702 2735 Unum.
1096 2717 1099 2721 -

210 2753 212 2757 ’
300 2751 329 2815 5)
351 2751 425 2804 Mon.
441 2749 549 2817 ίσχατα.’
565 2749 750 2806 Ρετοιειιὶδεω
761 2751 862 2821 passim
873 2750 1018 2805 Damaseio
1030 2751 1166 2806 laudatum
1178 2768 1233 2805 non
1243 2753 1324 2806 Elea-

230 2835 284 2876 tem
302 2819 399 2885 illum,
419 2819 467 2872 sed
485 2819 629 2892 Dialogum
649 2820 770 2874 Platonis
790 2821 919 2896 intelligi,
946 2839 1000 2874 non
1029 2833 1083 2888 est,
1108 2823 1226 2892 opinor,
1247 2825 1324 2894 quod

230 2897 362 2944 moneam.
390 2889 431 2942 De
450 2892 565 2960 μικτῷ
584 2891 646 2944 vide
664 2890 733 2944 Plat.
751 2889 857 2943 Phileb.

300 2987 332 3050 ίι)
351 2985 428 3038 Mon.
439 2982 556 3050 χαλάσαι
562 3008 574 3048 ,·
593 2984 621 3038 in
632 2984 733 3045 eodem
751 2983 835 3042 verba
853 2985 900 3052 τῆς
916 2985 965 3038 τοῦ
983 2985 1038 3045 ἑνὸς
1052 2985 1079 3036 in
1098 2985 1228 3040 interiore
1241 2993 1324 3058 inaug.

229 3053 351 3120 adjecta,
371 3064 397 3105 et
416 3052 521 3106 άτιλωττ
538 3055 608 3122 (sie)
633 3055 705 3106 ίστί
726 3074 753 3109 τι
776 3053 841 3106 κατὰ
858 3054 891 3106 τὸ
908 3059 1004 3125 μέτρον
1013 3055 1041 3107 iu
1054 3055 1189 3108 exteriore
1201 3057 1326 3108 leountur

228 3124 263 3178 ab
281 3122 336 3176 alia
352 3137 431 3174 mauu
457 3123 572 3193 scripta.
604 3123 675 3176 Dein
694 3125 777 3177 habet
801 3123 953 3193 άμφιίαχίς.
988 3123 1087 3176 Hsmb.
1113 3125 1132 3177 1.
1150 3128 1273 3192 τοσαῦτα
1294 3145 1324 3193 με

231 3193 310 3261 (εἰσ).
336 3191 379 3243 Ad
398 3191 548 3264 άμφιίαφίς
564 3191 645 3247 habet
662 3192 700 3264 gl.
713 3193 741 3244 in
760 3211 795 3246 m.
808 3195 893 3246 hauc:
914 3192 946 3244 τὸ
963 3198 1046 3262 μέγα·
1066 3196 1109 3246 καί
1127 3192 1142 3246 ὅ
1159 3193 1201 3248 ὑπ’
1223 3193 1324 3265 ἀμφοῖν

230 3267 287 3314 οῖον
304 3280 333 3312 τε
350 3263 487 3330 ληφθῆναι
511 3269 570 3322 ταῖς
591 3265 693 3332 χερσίν,
721 3261 870 3332 άμφιίαφές
886 3281 914 3314 τι
932 3261 971 3316 ὂν.
1002 3263 1092 3316 Lotus
1113 3264 1159 3316 hio
1177 3265 1221 3316 vix
1241 3281 1323 3318 sanus

229 3333 299 3382 haus
318 3331 476 3382 sententiam
495 3331 560 3382 mihi
579 3331 691 3384 fundere
709 3331 839 3388 videtur:
867 3331 922 3384 Hie
942 3333 1001 3402 ipse
1019 3343 1098 3386 tenor
1115 3333 1325 3404 argumentatio-

229 3400 281 3463 nis,
300 3399 411 3451 Unitum
430 3398 458 3450 in
477 3416 506 3452 ae
523 3400 585 3469 ipso
605 3399 702 3454 habere
719 3411 776 3452 tum
792 3400 821 3452 id
831 3400 906 3470 quod
922 3401 1066 3468 adunatur,
1083 3432 1114 3442 -
1132 3402 1195 3470 (etsi
1206 3402 1235 3453 id
1248 3401 1326 3472 quod

229 3468 373 3534 adunatur,
393 3467 427 3521 ab
447 3467 582 3522 adunante
601 3485 681 3540 quam
701 3469 864 3540 penitissime
890 3470 1052 3524 absorbtum
1071 3472 1127 3523 sive
1147 3470 1325 3524 constrictum

229 3549 286 3603 eat,
307 3535 403 3608 utique
420 3550 506 3592 tamen
523 3538 628 3592 unitum
647 3541 718 3604 ειη]
747 3551 803 3592 tum
830 3555 928 3608 purum
946 3551 1042 3610 putum
1060 3541 1164 3606 Unum,
1191 3539 1325 3606 ostendit,

229 3607 364 3678 siquidem
383 3625 415 3660 ex
443 3607 579 3660 elementis
607 3608 747 3661 conflatum
766 3625 825 3680 eus,
855 3609 932 3679 quod
951 3610 1029 3662 Mitti
1056 3609 1163 3662 nomine
1181 3609 1259 3661 Pisto
1283 3608 1328 3660 iu·
1352 3629 1363 3640 ¹

229 3676 330 3748 signire
349 3674 475 3743 videtur,
506 3693 618 3730 suorum
643 3677 832 3730 elementorum
857 3695 871 3729 ε
893 3689 938 3745 et3
962 3679 1070 3734 seilicet
1094 3677 1149 3747 (ἅτε
1164 3676 1327 3746 χαλασάσης)

228 3745 342 3798 remissa
358 3745 531 3817 relaxataque
550 3747 635 3806 Unius
655 3745 825 3811 sinceritate,
846 3763 862 3799 a
903 3747 1014 3799 modum
1032 3747 1118 3801 Unius
1137 3747 1242 3818 aliquid
1261 3762 1327 3798 son·

230 3825 291 3876 stet,
312 3812 386 3866 velut
405 3831 526 3869 erassum
545 3827 570 3868 et
587 3817 708 3886 patulum
729 3819 765 3879 (ε.
782 3831 892 3884 anceps,
913 3817 1026 3886 duplex)
1047 3817 1120 3888 quod
1140 3834 1232 3870 seeum
1244 3815 1329 3869 simul

228 3883 338 3953 profert
357 3882 502 3950 elementa,
522 3884 631 3938 minime
651 3883 759 3952 quidem
778 3883 915 3950 discreta,
946 3886 994 3938 sed
1011 3903 1061 3940 auo
1083 3887 1137 3939 Uni
1156 3886 1281 3938 devincta
1301 3899 1331 3938 et

229 3951 383 4004 adhucdum
400 3955 477 4024 quasi
497 3953 631 4018 confusa,
658 3955 740 4022 inque
760 3965 860 4006 tentum
886 3955 1012 4026 prolata,
1036 3968 1067 4010 ut
1089 3975 1121 4010 ne
1146 3955 1217 4008 illud
1243 3953 1332 4022 (rela-

229 4021 338 4075 xstione
358 4022 444 4077 Unius
468 4023 547 4105 quasi
564 4022 708 4085 Defluens)
734 4022 928 4092 ampliandum
946 4025 1036 4077 Unum
1054 4026 1162 4091 clueat,
1190 4025 1239 4078 sed
1258 4023 1331 4076 Uni·

229 4101 302 4156 tum,
321 4103 347 4144 et
363 4108 415 4163 pro
433 4093 540 4146 Unttate
557 4092 612 4160 jam
631 4089 782 4144 substantia
798 4092 925 4148 evaserit.
954 4093 1084 4148 lnverbis
1104 4095 1180 4150 οὐσία
1196 4092 1247 4160 ἤδη
1266 4091 1331 4146 for·

230 4171 303 4214 tasse
322 4177 391 4215 unus
410 4162 510 4218 alterve
529 4160 743 4214 emendationem
761 4162 899 4233 requiret3
918 4179 969 4235 ego
989 4165 1060 4233 nihil¹
1073 4176 1157 4220 muto.
1309 4161 1320 4179 ⁸

1242 2626 1323 2668 ultum
