2798 4834
1076 281 1144 345 251

54 452 158 522 πολλοὶ
179 453 249 522 ἀντὶ
269 462 424 542 στοιχείων
444 455 513 542 εἴδη
533 459 680 538 κατέστη,
700 457 752 522 καί
765 455 801 523 τό
816 463 850 522 ἐν
870 455 1069 546 πολύχρωμύν
1081 485 1148 535 πως

52 546 171 644 ἐγένετο
197 562 249 628 καί
275 561 431 638 ποικίλον,
462 563 515 627 καί
542 561 613 628 ἀντὶ
640 567 834 647 στονχειωτσῦ
863 563 915 627 καί
933 569 1098 650 στοιχείων
1125 562 1148 652 ἢ

52 668 208 752 κρόματσς
228 669 281 734 καλ
300 669 361 734 τῶν
380 665 566 756 κεκραμένων
586 665 680 754 μονόο
705 671 758 736 καί
783 665 995 755 ἀριθμοίς,.τό
1024 675 1058 737 έν
1082 683 1149 750 τοῖς

51 773 164 840 εἴδεσιν
185 781 219 840 έν
239 778 292 841 καί
313 773 416 842 πολλὰ
433 773 469 842 τό
484 773 727 864 συναμφότερον·
750 776 790 842 τά
812 777 846 844 δὲ
865 780 941 865 μέρη
957 778 1009 844 καί
1023 775 1060 845 τό
1073 769 1147 846 όλον

51 882 84 944 έν
97 885 141 966 τῷ
161 885 242 965 μέσῳ
254 879 358 970 τρόπῳ
372 885 560 969 θεωρητέον,
581 881 706 960 ἀνέσεως
717 885 747 966 ί)
762 889 817 969 μέν
831 910 911 962 τινος
926 887 1085 971 γενομένης
1095 886 1148 952 καί

52 987 106 1054 διὰ
125 993 222 1058 τοῦτο
244 996 303 1058 τῶν
329 995 428 1079 μερῶν
448 987 647 1058 ὑποστάντων
667 975 743 1058 κατὰ
770 991 823 1058 τόν
842 991 1041 1080 τολμηθέντα
1062 1018 1147 1079 μερι·

50 1093 140 1180 σμόν·
178 1088 258 1183 ὅμως
283 1099 318 1180 δὲ
345 1096 530 1176 σοννεύσεως
555 1102 715 1185 γενομένης
740 1100 879 1184 τοῦμὲν
906 1098 977 1178 ἑνός
1001 1099 1081 1188 πρός
1108 1098 1156 1180 τύιῚ

49 1207 127 1290 μέρη
149 1203 228 1273 κατά
248 1205 304 1294 την
324 1203 479 1293 ἀνάληψιν
499 1211 559 1274 τοῦ
579 1211 726 1294 μερισμοῦ
745 1210 798 1274 καί
818 1207 1001 1295 ἀναστολὴν,
1032 1213 1092 1278 τῶν
1112 1209 1148 1278 δὲ

49 1319 151 1400 μερῶν
171 1313 249 1403 πρός
269 1312 306 1382 τὸ
328 1313 458 1394 ἓνκατά
476 1312 534 1402 τὴν
554 1315 719 1401 ἀντίληψιν
745 1319 802 1382 τοῦ
828 1313 897 1393 ἑνός
925 1319 978 1382 καὶ
1005 1321 1148 1404 μεριστύν

49 1419 224 1511 ἀποδοχήν,
245 1425 298 1490 καί
317 1428 410 1509 μέσον
430 1428 560 1508 κατέστη
575 1421 611 1489 τό
631 1429 755 1510 πρᾶγμα
775 1427 831 1508 τῆς
851 1425 908 1490 τοῦ
925 1418 1002 1494 ’όλου
1023 1429 1161 1495 καλτιῦν

49 1534 148 1616 μερῶν
169 1531 373 1620 ίδιοτροπίας·
396 1531 502 1615 διόπερ
522 1532 573 1597 ἐπὶ
590 1526 710 1597 τούτων
730 1531 782 1596 καί
801 1531 822 1617 ἦ
844 1526 959 1616 διπλόη
980 1531 1073 1620 nahai
1092 1542 1148 1620 μία

50 1641 153 1722 σχέσις
166 1637 267 1705 αὐτῶν
277 1641 427 1724 ἐμφανής·
449 1639 501 1704 ἐπὶ
522 1637 557 1704 δὲ
577 1641 637 1703 τῶν
658 1635 772 1721 ἀκρων,
793 1643 821 1702 εί
841 1644 893 1705 καί
915 1642 997 1730 έητιν
1014 1642 1146 1728 ἑκάτερα,

49 1744 119 1811 ἀλλ’
140 1741 346 1834 ἀμυδρότερον
366 1749 501 1833 έχουσιν,
530 1747 581 1810 ἐπὶ
600 1745 654 1829 μὲν
671 1747 730 1810 τού
756 1743 909 1828 εἰδητικοῦ
938 1742 1005 1821 ένός
1031 1773 1066 1812 τε
1093 1751 1146 1814 καί

48 1852 203 1938 πλήθους
224 1853 243 1938 ἦ
264 1859 320 1936 μία
338 1857 436 1938 σχέσις
458 1877 490 1918 τε
511 1853 564 1916 καλ
586 1845 739 1935 σύμφυσις
761 1849 949 1935 ἀφανεστέρα
970 1847 1023 1917 διά
1042 1851 1078 1919 τό
1100 1850 1143 1940 μη

48 1959 130 2025 πύνυ
153 1962 311 2026 συννεύειν
331 1955 407 2045 πρός
427 1955 564 2042 ἀλληλα,
596 1956 673 2044 μηδὲ
694 1955 836 2043 ἀλλήλων
861 1957 940 2024 εἶναί
963 1984 998 2023 τε
1017 1961 1070 2026 καί
1089 1959 1142 2026 λέ-

47 2073 175 2152 γεσθαι.
216 2070 286 2134 Ἐπί
306 2067 340 2132 δὲ
361 2071 420 2132 τῶν
441 2073 596 2151 στοιχείων
616 2068 739 2132 καὶτοῦ
754 2069 945 2151 στοιχειωτσῦ
967 2064 1043 2132 οῦδὲ
1063 2066 1146 2150 ἡδι·

48 2175 130 2263 πλέη
153 2173 277 2262 σαφὴς,
305 2171 358 2241 διό
382 2172 419 2240 τύ
439 2173 481 2260 μη
494 2177 733 2262 ’προφαίνεσθαι
751 2177 813 2238 τῦιν
834 2178 987 2260 στοιχείων
1008 2170 1044 2240 τό
1063 2175 1145 2259 πλῆ-

47 2291 111 2362 θος
133 2283 205 2366 w)
227 2288 270 2351 τῶ
290 2285 335 2350 ἑνί
356 2279 571 2367 διωρισμένον·
594 2280 809 2368 συλλογισμῶν
830 2279 884 2366 γάρ
901 2281 1018 2365 μᾶλλον
1041 2283 1147 2352 αύτοῦν

48 2399 270 2476 καταφαίνεται
290 2387 326 2457 τό
346 2391 475 2474 πλῆθος
495 2386 550 2456 διά
571 2386 627 2476 την
649 2392 805 2477 σύγχυσιν,
826 2395 854 2455 εί
873 2393 969 2474 θέμις
989 2385 1072 2457 οῦτω
1084 2390 1146 2475 φύ-

48 2525 117 2582 ναι,
139 2503 201 2567 τῶν
220 2503 453 2584 στοιχειωτικόν
474 2496 645 2582 ίδιοτητων.
693 2497 759 2564 Καὶ
779 2502 812 2562 τί
829 2494 1030 2580 θαυμαστόν,
1059 2503 1088 2564 εί
1107 2492 1144 2564 τό

49 2610 175 2690 πρῶτον
197 2602 406 2693 στοιχειοπόν,
432 2603 571 2689 ἡούσία,
594 2601 631 2668 τό
653 2599 829 2687 ω’διόριστσν
845 2606 966 2688 ἐμποιεῖ
978 2614 1044 2680 τοῖς
1058 2630 1144 2670 στοιε

10 2761 14 2768 ·
48 2723 160 2801 χείοις,
182 2708 261 2780 ’όπου
274 2716 379 2800 γεκαὶ
399 2709 441 2778 τά
459 2713 536 2798 εἴδη,
557 2703 631 2777 όταν
652 2714 684 2776 έν
704 2715 855 2796 στοιχείων
876 2708 957 2796 λόγῳ
977 2713 1141 2802 συγκρωθῇ

48 2820 124 2908 πρὸς
137 2818 233 2901 ἀλλα,
254 2816 400 2906 καθάπερ
422 2819 561 2904 ἐλέγομεν
583 2821 699 2893 ἐντοῖς
718 2814 867 2900 πρόσθεν,
891 2819 1052 2885 καὶταῦτα
1066 2815 1143 2904 σύγ-

49 2946 148 2996 κειται
171 2924 248 3015 πρός
268 2934 340 3012 μίαν
364 2931 543 3014 σύγκρασιν,
576 2933 603 2994 εί
630 2933 681 2992 καί
704 2925 770 3000 πως
789 2927 959 3013 ἀποφεύγει
984 2923 1040 3012 τὴν
1066 2927 1143 3013 σύγ-

50 3063 174 3123 κρασιν,
194 3040 246 3103 καὶ
265 3043 450 3124 παρασαίνει
470 3031 526 3112 τάς
546 3040 658 3110 οἰκείας
678 3037 825 3121 ἐνεργείας
845 3036 928 3100 ἔστιν
950 3035 999 3100 ότὲ
1019 3037 1070 3102 καὶ
1092 3030 1142 3112 όός.

53 3143 99 3212 Ού
123 3141 179 3232 γάρ
199 3143 328 3210 δύναται
348 3141 503 3220 παντελοῦς
523 3143 680 3228 ένωθῖχναι
700 3143 766 3226 εἴδη
789 3167 823 3228 γε
845 3139 937 3230 ὄντα·
961 3139 1012 3210 διό
1032 3145 1086 3210 καὶ
1106 3139 1143 3209 τό

51 3251 163 3341 ὁρατόν
183 3255 237 3321 καί
255 3251 356 3319 ἁπτόν
375 3245 532 3336 πανταχοῦ
548 3251 601 3336 μὲν
617 3251 768 3336 ἑκάτερον,
789 3239 869 3316 όπου
883 3241 917 3314 τό
934 3255 1045 3334 ἕτερον,
1065 3247 1144 3318 ἀλλο

50 3359 82 3426 δὲ
104 3355 185 3444 ὅμως
206 3363 257 3428 καί
276 3359 367 3426 ἀλλο·
388 3361 441 3428 καί
461 3360 512 3425 ἐπὶ
534 3361 636 3444 ψυχῆς
653 3355 689 3423 τὸ
712 3345 856 3432 οὐσιῶδες
876 3358 929 3421 καί
946 3353 1073 3433 ζωτικόν
1092 3360 1145 3425 καί

52 3466 215 3550 γνωστικὸν
236 3469 393 3551 πανταχοῦ
413 3470 469 3552 τῆς
489 3470 608 3551 ψυχῆς·
632 3460 714 3532 ἀλλά
736 3463 891 3547 διύρισταί
911 3491 976 3540 πως
994 3465 1048 3530 καλ
1068 3467 1145 3532 ταῦ-

51 3603 97 3640 τα.
140 3578 281 3640 Τοιαῦτα
301 3573 335 3638 δέ
363 3574 416 3638 καί
433 3575 466 3636 έν
491 3575 535 3656 τηί
560 3573 604 3656 νῷ
630 3568 669 3636 τύ
690 3575 761 3657 γένη
787 3573 845 3636 τοῦ
876 3566 979 3646 όντος·
1010 3583 1145 3658 στοιχεῖα

51 3680 105 3764 γὰρ
129 3683 182 3746 καὶ
208 3685 303 3747 ταῦτα
330 3685 385 3763 τῆς
414 3678 524 3755 οῦσίας
551 3683 671 3763 ἐκείνης,
702 3675 739 3742 οῦ
760 3679 789 3760 6)
804 3681 863 3758 ’τῆς
889 3674 1064 3765 ύπερειδέου
1092 3682 1144 3745 καό

85 3933 90 3947 λ
118 3941 146 4000 ’4)
165 3937 242 3990 Mon.
260 3935 377 4006 ἀμέσως;
401 3949 428 3988 ει
449 3934 563 3986 inferius
581 3933 713 3998 ὑποδοχὴν
736 3933 772 3992 είς
789 3935 869 4000 μέσον
885 3952 910 3984 κ.
936 3960 971 3972 ·-
1000 3933 1029 3996 5)
1056 3933 1142 3987 Voce.

52 4011 79 4056 έν
95 4007 129 4073 τῷ
148 4006 238 4066 ἑνὶ-δ.
258 4022 282 4058 ο.
301 4026 327 4074 γ.
345 4026 374 4074 μ.
393 4025 420 4057 α.
438 4024 461 4057 κ.
481 4025 505 4055 τ.
523 4005 629 4067 πλῆθος
649 3999 748 4052 Ηεινιίν.
776 3998 879 4052 omisit.
901 4001 976 4055 Mon.
1003 3999 1144 4059 infra'ual

51 4086 111 4127 ante
131 4077 215 4127 ταῦτα
234 4073 364 4143 σύγκειται
383 4091 436 4127 om.
466 4101 501 4114 -·
524 4073 556 4136 0)
580 4070 656 4124 Mon.
681 4071 711 4123 όν
737 4075 792 4129 τοῖς
817 4067 964 4142 ὑπερείδων
989 4072 1032 4124 καί
1049 4067 1144 4132 ἁπλῶς.

53 4144 165 4198 Inferius
182 4149 210 4197 δν
227 4146 263 4212 τῷ
282 4144 401 4211 ελδητικῷ
427 4141 570 4210 διακόσμῳ.
1133 4147 1137 4165 ·
