2798 4834
241 265 310 326 ³20

242 469 277 536 οῦ
297 461 406 538 τοῦτόν
426 473 491 535 κατ’
514 468 594 546 εἶδος
612 470 650 536 τό
670 499 703 538 τε
724 477 779 559 τῆς
799 479 892 552 θείας
912 481 1027 562 ψυχῆς,
1056 477 1107 542 καί
1128 475 1164 543 τό
1184 481 1240 562 τῆς
1262 476 1326 541 δαιέ

240 586 344 663 μονίας
364 586 417 645 καί
437 576 549 663 τόιτῆς
570 577 767 665 ἀνθρωπίνης
773 629 783 662 ,
811 578 892 648 όιλλιὶ
912 579 948 648 τό
968 581 1022 668 μὲν
1043 587 1095 648 καλ
1117 582 1192 650 αῦτὸ
1209 583 1327 670 ῶνθριό·

240 713 346 766 πινον,
364 685 399 753 τό
419 686 454 753 δὲ
474 683 646 770 δαιμόνιον,
667 687 701 754 τό
724 687 758 756 δὲ
777 693 885 756 θεῖον·
908 689 1018 775 ὅμοίως
1039 690 1072 757 δὲ
1094 695 1153 778 ἔχει
1173 694 1225 759 καί
1241 689 1328 776 λόγος

240 799 366 869 ἕκαστος
397 794 413 859 ὅ
443 789 569 886 ἕκιίστφ,
606 796 657 860 καὶ
682 793 716 860 τό
745 793 944 882 αὐτοκίνητον
970 795 1031 883 ῦρα
1061 796 1139 864 ἄλλο
1173 800 1227 863 καὶ
1255 797 1326 864 ἄλλο

239 904 305 966 κατ’
329 901 428 980 εἶδος,
460 895 536 966 ῶστε
564 902 615 965 καί
636 899 670 965 τὸ
691 901 872 986 φαινόμενον
899 904 1095 991 αὐτοκίνητον
1122 905 1197 972 εἴδει
1219 905 1323 990 διάφο-

239 1034 310 1094 ρον,
337 1005 372 1074 τό
393 1005 453 1073 ιἰπό
474 1011 528 1090 τῆς
549 1005 644 1094 ι’ίλλης
663 1011 715 1074 καί
737 1007 831 1094 α’ίλλης
851 999 1005 1096 καθῆκονί
1053 1013 1176 1079 Οὐκοῦν
1199 1016 1254 1079 καί
1275 1013 1324 1078 ἆν-

239 1119 435 1201 τιστρέφαντι
455 1119 580 1201 ῥητέον,
603 1109 653 1181 ότι
672 1112 711 1180 τὰ
730 1116 896 1201 φαινόμενα
917 1117 1045 1204 διάφορα
1066 1121 1133 1184 κατ’
1154 1119 1240 1194 εἶδος
1254 1118 1324 1184 ῦντα

238 1219 302 1288 ἀπὸ
322 1219 477 1306 διαφόρων
498 1222 562 1286 κατ’
587 1221 668 1296 εἶδος
689 1222 848 1306 ἀληθινῶν
868 1228 1063 1310 προέρχεται·
1086 1221 1161 1292 ῶστε
1174 1223 1213 1290 τό
1229 1227 1325 1291 πολλοὶ

154 1367 157 1372 ·
239 1329 305 1414 εἴδη
335 1317 501 1413 φαινόμενα
533 1333 594 1395 τῶν
622 1329 746 1395 πολλῶν
776 1329 938 1415 ἀληθινῶν
966 1331 1056 1398 εἰδῶν
1086 1339 1150 1399 ἐστι
1172 1336 1326 1420 τεκμήρια,

238 1441 304 1504 ἐπεὶ
325 1440 376 1503 καὶ
397 1436 431 1502 τὸ
452 1434 555 1502 κοινόν
575 1435 757 1521 φαινόμενον
778 1442 837 1504 τοῦ
858 1443 963 1505 κοινοῦ
983 1439 1129 1524 ἇληθοῦς
1151 1441 1323 1507 ἀποδεικτι-

238 1548 300 1637 κόν.
340 1550 381 1609 Εἰ
402 1549 501 1609 τοίνυν
523 1542 625 1619 ἅπλῶς
645 1541 681 1608 τό
702 1541 884 1629 φαινόμενον
905 1549 937 1611 ἒν
957 1551 999 1631 τῷ
1020 1549 1215 1633 ἕτεροκινιγτῳ
1233 1548 1323 1613 αὐτο-

238 1661 360 1739 κίνητον
380 1649 537 1738 τεκμήριον
557 1650 737 1736 ποιούμεθα
758 1655 812 1718 τοῦ
835 1653 977 1738 ἆληθοῦς
999 1649 1210 1742 αὐτοκινήτου,
1233 1656 1274 1731 ῶς
1295 1661 1324 1720 ἐκ

242 1759 397 1847 Φαίδρῳ
425 1759 574 1825 δείκνυται
604 1757 802 1847 τελειότερον·
835 1767 876 1826 Ει
903 1760 1056 1827 πολλοὶ”
1025 1787 1071 1846 ειη
1107 1759 1145 1849 τα
1172 1761 1239 1846 ειδη
1268 1769 1325 1827 τῶν
1386 1779 1387 1786 ’

237 1873 440 2000 φριινομένωγ,
460 1863 562 1934 πολλῶ
583 1863 618 1932 ιλν
639 1869 695 1966 είη
706 1893 758 1936 και
777 1894 816 1932 τα
807 1867 897 1954 εἴδη
918 1873 978 1934 τῶν
998 1840 1168 1952 ῦληθινῶν·
1198 1877 1325 1936 ἕκαστον

239 1977 296 2108 γόρ
325 1975 504 2061 φαινόμενον
529 1980 586 2040 τοῦ
615 1973 725 2040 οἰκείόο
754 1974 906 2061 ἀληθινοῦ
934 1973 1091 2062 τεκμήριον
1123 1985 1252 2061 γίνεται,
1287 2005 1326 2052 ως

238 2085 349 2170 εκιίστη
379 2082 466 2150 εικῶν
494 2075 678 2168 διαφέρουσα
708 2089 775 2148 κατ’
805 2083 885 2159 εἶδος
914 2078 984 2148 όλον
1011 2089 1065 2149 τοῦ
1093 2089 1205 2150 οικείου
1224 2110 1323 2168 παρα·

239 2191 413 2282 δείγματος·
443 2193 488 2255 Ει
504 2188 576 2318 δη”
557 2215 683 2256 εκαστον
705 2193 840 2276 ἔμψυχον
860 2187 1039 2276 φαινόμενόν
1060 2196 1140 2257 ἔστιν
1160 2191 1323 2276 αῦτοκίοη
1386 2275 1387 2292 ¹

237 2327 304 2381 τον,
340 2327 390 2365 και
418 2297 457 2364 οῦ
485 2295 595 2363 ταῦτὸν
622 2296 743 2363 είδει”
723 2323 863 2376 εκαστον,
892 2299 986 2380 σαφὲς
1006 2289 1054 2364 ότι
1074 2326 1124 2364 και
1145 2327 1182 2363 τα
1176 2295 1323 2381 ιῖληθι-
1386 2309 1387 2372 Ξ

236 2414 294 2486 νῶς
310 2405 541 2490 2)αῦτοκίιιητα
569 2404 670 2470 πολλὰ
699 2403 809 2489 εἴδη
796 2408 899 2470 ε’σται·
930 2403 1092 2472 πολλαὶ”
1070 2431 1129 2490 αρα
1155 2411 1187 2471 οῖ
1217 2416 1325 2494 ψυχαί
1386 2401 1387 2418 ³

230 2509 311 2584 Ἀλλ’
332 2518 403 2590 ἴσως
424 2513 463 2588 ῶς
482 2508 589 2578 πολλὰ.
606 2511 836 2597 παραδείγματα
864 2516 895 2578 ἐν
915 2515 959 2597 τῶ
985 2515 1028 2579 ἑνί
1048 2516 1104 2598 νῷ,
1141 2505 1224 2580 οῦτω
1253 2515 1323 2580 πολ·
1386 2491 1387 2508 ¹

237 2625 290 2691 λαὶ
309 2625 407 2709 ψυχαί
428 2627 458 2686 οἱ
478 2619 590 2686 πολλοὶ
611 2612 735 2707 φυχικολ
756 2616 858 2704 λόγοι,
890 2619 1078 2704 διωρισμένοι
1101 2626 1171 2687 κατ’
1190 2621 1274 2698 εἶδος
1294 2628 1325 2688 ἐν
1386 2649 1387 2694 γ

237 2731 276 2821 τῇ
296 2735 354 2816 μιᾷ
372 2732 457 2823 ψυχῇ
480 2732 516 2818 τῇ
540 2723 593 2823 ὅλη
613 2729 665 2792 καί
685 2725 850 2810 μονοειδεῖ·
872 2725 951 2793 ἄλλοί
972 2724 1009 2793 τό
1029 2732 1104 2815 με’ρη
1119 2733 1232 2816 ἐκείνης
1247 2732 1324 2796 θεῖιί
1386 2728 1387 2746 ’

237 2844 303 2929 ξοτι
323 2837 424 2904 πάντα
445 2839 498 2902 καί
517 2835 684 2911 παντελοῦς
703 2838 778 2922 μέρη
800 2833 924 2918 φύσεως,
946 2825 1021 2900 ῶστε
1042 2840 1074 2901 ἐν
1093 2841 1175 2920 μέρει
1188 2837 1324 2922 παντελῆ

238 2950 290 3012 καὶ
311 2944 406 3012 αὗταί·
434 2941 537 3011 ὃλικόν
556 2941 615 3030 γολρ
636 2949 778 3023 ἕκαστον,
797 2945 849 3008 καὶ
870 2950 913 3027 τῷ
936 2941 1001 3010 ῦντι
1021 2941 1178 3026 κοσμικόν·
1202 2946 1240 3013 οῦ
1264 2951 1325 3012 πᾶν
1386 2959 1387 2962 ’

238 3053 272 3119 δὲ
292 3059 427 3140 ἔμψυχον
448 3050 593 3127 τοιαῦτας
614 3049 799 3117 ἀποδίδωσιν
820 3055 982 3138 ἐνεργείας,
1018 3051 1087 3118 οῦδὲ
1108 3055 1250 3120 τοιοῦτον
1272 3054 1326 3138 τήν

237 3157 328 3245 φύσιν
349 3162 443 3248 ἐστίν,
480 3155 559 3225 ἀλλὰ
576 3157 612 3224 τό
632 3159 686 3243 μὲν
706 3163 812 3238 θεῖον,
844 3157 879 3226 τό
901 3159 933 3224 δὲ
954 3157 1128 3243 δαιμόνιον,
1159 3160 1194 3227 τό
1219 3160 1255 3228 δὲ
1275 3162 1325 3228 ἇν-

156 3304 219 3362 pag,
237 3267 410 3356 θρῶπειον·
437 3267 490 3332 καὶ
509 3263 544 3331 τό
564 3266 617 3349 μὲν
639 3264 883 3354 Πυθαγόρου
905 3270 1055 3354 ἔμψυχον,
1085 3265 1120 3334 τό
1140 3269 1174 3335 δὲ
1194 3280 1229 3336 Κ
1237 3269 1322 3337 ῦλω·
1386 3353 1387 3356 ¹

159 3373 220 3416 ²¹⁰·
240 3402 313 3457 νος,
332 3379 382 3442 καί
397 3371 433 3442 τό
448 3373 719 3460 μὲνΠλιίτωνος
739 3371 874 3461 εἰτύχοι,
896 3375 931 3440 τὸ
945 3373 1176 3454 δὲΚλέωνος.
1200 3376 1323 3464 Ἀνάγκη
1384 3363 1387 3380 ⁴

239 3480 298 3570 σ’ίρα
319 3485 371 3550 καί
391 3480 446 3560 τός
466 3489 574 3568 κυρίως
595 3476 815 3567 αῦτοκινήτους
835 3475 931 3568 ψῦχός
952 3478 1049 3558 ἄλλος
1070 3483 1212 3550 εἶναικαὶ
1229 3483 1324 3561 ἄλλος

238 3601 304 3668 τοῖς
330 3590 435 3667 αῦτοίς
460 3589 572 3669 εἴδεσι,
601 3593 653 3656 καί
681 3593 726 3656 ἔτι
752 3587 892 3672 μειζόνως
922 3589 1126 3677 διαφερούσας
1144 3595 1173 3668 3)
1208 3597 1263 3660 καί
1291 3589 1325 3659 τό

237 3697 403 3783 φαινόμενα
430 3697 629 3782 αῦτοκίνητα·
659 3695 772 3763 πολλοὶ
800 3694 862 3780 ι’ίρα
889 3701 923 3763 αί
952 3699 1048 3784 ψυχαί
1074 3698 1152 3783 μετὰ
1178 3696 1235 3785 τὴν
1256 3709 1324 3786 μίαν
1386 3683 1387 3776 Ῐ

273 3929 301 3988 τ)
319 3924 394 3980 Μοο.
414 3923 551 3991 ἀληθῶς.
569 3925 692 4004 Uterque
710 3922 780 3989 Ιιῖδη
798 3939 850 4011 pro
856 3925 1016 4012 superiore
1034 3925 1099 3993 ιίδὴ.
1136 3921 1212 3980 Μοο.
1233 3929 1325 3980 πολλοι

237 4015 290 4066 αριι
307 3997 361 4048 καὶ
383 3997 412 4046 αἱ
428 3997 520 4064 φυγαὶ.
544 3991 685 4064 'sequentia
709 3993 793 4045 verbe
811 3990 865 4045 ἀλλ’
884 3997 946 4054 ἴσως
953 4030 1054 4050 .......
1075 3989 1142 4048 οῦτω
1160 3998 1324 4063 πολλαλφο-

233 4067 280 4130 χαὶ
298 4064 395 4117 Hemb.
414 4065 535 4150 neglexit.
556 4065 630 4116 Mon.
650 4060 766 4147 μονειδει
783 4077 836 4148 pro
853 4063 1051 4131 μονοιιδεῖ.-
1078 4063 1111 4132 5)
1128 4065 1203 4118 Μοο.
1223 4065 1323 4134 mro

235 4135 291 4184 κατι
309 4154 343 4186 τα
360 4132 505 4204 φακόγακα,
534 4144 560 4183 et
578 4129 743 4184 inferiusve
762 4130 872 4201 στόματα
891 4136 1022 4256 γίνονται,
1045 4144 1072 4185 et
1090 4133 1289 4206 διαπράττοιτο
