2824 4838
256 272 299 358 τό,

239 454 319 552 ’τον,’
334 476 369 546 ἐἰ
391 474 443 538 καὶ
462 469 608 560 ἀόρατον,
630 469 710 541 ἀλλά
731 475 858 561 νοητάν.
880 478 932 543 ναὶ
953 475 988 543 τὸ
1009 477 1153 566 ἀνοήτου,
1175 477 1244 547 ἀλλ’
1258 477 1343 558 7)ἱι’τι

251 577 352 665 ὅμως,
374 579 438 648 οἷον
458 580 489 645 sl
507 585 618 648 τιτῶν
638 581 777 658 ἀπωςοάν
798 580 902 668 νοήσει
923 588 982 650 τινὶ
1003 584 1240 672 ἀκατάληπτον.
1261 595 1286 657 si
1308 590 1343 657 di

250 693 354 756 πᾶσαν
371 691 490 756 ἔννοιαν
509 690 562 756 stol
581 689 731 756 ἀπόνοιαν
748 688 930 777 ἀναιροῦμον
947 693 999 758 καὶ
1016 693 1132 780 ταύτην
1146 695 1226 762 ilino
1240 699 1342 783 φαμὲν,

250 795 307 878 τήν
326 793 504 862 παντάπασι
523 795 610 880 ήμῶν
627 795 834 881 ἀγνοουμένων
854 802 903 877 ⁸),
937 802 1008 882 περὶ
1034 799 1052 864 il
1077 805 1142 868 πᾶν
1166 799 1248 886 ὄμμα
1266 801 1343 888 μυό-

214 929 216 933 ·
250 927 315 988 μεν,
334 903 386 967 καὶ
405 898 503 988 πάντη
524 901 650 986 μύομεν,
672 906 765 969 τοῦτο
787 899 939 987 ἀγνωστον
959 904 1092 992 λέγομεν,
1114 903 1229 993 oniziis
1249 909 1348 976 αάτοῦ

250 1037 281 1078 τι
307 1009 452 1095 λέγομεν,
483 1007 548 1076 οἷον
580 1005 616 1074 sil
646 1005 688 1094 μή
714 1006 850 1093 πεφυιιάς
876 1010 1014 1096 ἀρᾶσθαι
1035 1011 1123 1100 ὄψει,
1154 1017 1194 1094 ὡς
1219 1021 1269 1085 ἕπτ’
1285 1017 1343 1086 τοῦ
1371 1047 1373 1054 ’

249 1110 379 1204 νοητοῦ.
403 1114 472 1182 οῦδὲ
491 1110 528 1180 si
550 1112 593 1201 μή
616 1115 753 1200 πεφυκὸς
772 1121 917 1184 νοεῖσθαι
938 1124 976 1213 τῇ
1009 1120 1151 1190 οὖσιαάἀει
1173 1129 1224 1191 καὶ
1245 1125 1343 1220 πολλῇ

250 1223 367 1312 νοήσει,
388 1224 430 1302 ὡς
450 1226 502 1292 ἀπὸ
521 1215 578 1290 τοι]
597 1222 679 1300 ἑνός.
699 1221 777 1292 ἀλλά
796 1226 833 1292 τὸ
851 1225 1000 1314 μηδεμίαν
1018 1228 1132 1298 ἑαυτοῦ
1144 1233 1345 1321 παρεχόμενον

221 1495 225 1510 ·
321 1475 349 1545 γ)
371 1471 418 1526 Sic
435 1484 551 1544 uterquc
569 1471 659 1555 liber,
688 1473 737 1527 sed
754 1473 807 1548 leg.
834 1474 900 1530 ἀλλο
918 1499 945 1531 τι
963 1491 990 1534 et
1008 1480 1124 1564 fumasse
1149 1483 1342 1551 ἀκαταλήπτων.

250 1545 560 1665 ll⁰⁰llltllslll
562 1542 1207 1673 ltlltlllllJlmltd'lt'lllltl‘b
1215 1556 1281 1678 ll'
1283 1571 1342 1676 ⁵:1¹³?

251 1632 318 1753 quii
336 1698 443 1745 eorum,
470 1698 528 1752 quis
556 1655 671 1753 aliquali
689 1650 873 1736 intillectione
892 1704 947 1739 non
965 1638 1167 1758 periipisuturi
1210 1643 1222 1676 e
1318 1643 1329 1675 ι

318 1772 350 1840 8)
368 1774 445 1828 lllon.
474 1772 656 1842 ἀγνοουμένην.
684 1770 737 1824 Sed
761 1775 845 1826 totum
867 1789 1049 1847 argumentum
1074 1778 1157 1848 paulo
1176 1777 1341 1837 intricatius.

250 1841 295 1895 Ab
313 1845 336 1896 el
354 1842 382 1894 δὲ
397 1841 466 1906 (uisi
484 1843 546 1912 quis
564 1844 596 1913 τῇ
616 1840 752 1912 delegere
771 1843 850 1908 velit)
869 1862 954 1914 iisque
973 1845 1114 1916 ἀναιρέσεις
1133 1851 1185 1899 τῶν
1201 1848 1257 1918 μετ’
1275 1848 1343 1903 αάτὸ

271 1912 370 1965 rotosis
388 1910 521 1983 pertiuet3
539 1926 555 1963 a
577 1908 672 1962 odssis
692 1927 752 1962 oum
769 1913 823 1971 πῶς
840 1909 885 1964 οάν
902 1913 966 1966 milii
978 1915 1098 1986 incipere
1110 1917 1234 1986 videtui-3
1253 1935 1342 1987 porro

249 1929 314 2034 ilico
334 1979 508 2050 ἀγνοουμένην
525 1927 573 2029 vel
589 1977 763 2048 ἀγνοούμενον
778 1981 920 2066 legendum
937 1984 1204 2054 videtursiyrosur
1221 1990 1264 2039 nol
1281 1992 1343 2059 περὶ

251 2049 346 2120 dsqq.
376 2049 476 2103 Postea
493 2048 589 2101 Hamb.
619 2049 702 2100 verba
727 2047 774 2115 οάχ
797 2069 838 2102 οτι
865 2050 947 2104 αὐτοῦ
969 2073 995 2105 τι
1019 2055 1139 2140 λέγομεν,
1168 2056 1285 2128 itemque
1301 2057 1340 2126 μὴ

249 2131 312 2177 ante
330 2121 442 2189 πεφυκὸς
458 2117 558 2172 omisit.
593 2116 665 2169 ldem
679 2119 763 2204 paulo
781 2119 893 2172 inferius
933 2134 976 2174 ost
994 2119 1054 2173 οὐδὲ
1072 2124 1152 2210 oppilo
1168 2145 1192 2177 τ.
1209 2145 1235 2177 π.
1253 2126 1342 2180 verba

251 2188 312 2241 οὐδὲ
330 2193 396 2241 ἐττει.
417 2208 443 2240 π.
462 2188 567 2242 omittit.
586 2185 640 2238 Pro
660 2187 725 2238 αυτὸ
744 2187 776 2238 τὸ
796 2188 871 2240 οὐδὲν
920 2206 965 2244 on.
982 2189 1063 2243 habet
1075 2196 1156 2245 αυτοῦ
1170 2215 1195 2245 τ.
1211 2193 1249 2246 osi.
1265 2194 1341 2248 ldem

249 2258 282 2310 τὸ
298 2256 361 2327 ὑπὲρ
379 2260 463 2309 ulrico
480 2254 582 2309 scribit.
609 2255 707 2309 Hamb.
732 2259 785 2316 πῶς
810 2255 855 2309 αάν
872 2261 895 2311 l.
912 2278 956 2310 τοι
973 2276 1024 2329 pro
1043 2277 1098 2331 quo
1121 2263 1195 2318 Mon.
1214 2284 1249 2315 τι.
1285 2264 1340 2318 Hic

250 2327 322 2380 idem
335 2343 395 2378 mox
408 2326 473 2380 αὐτὸ
485 2327 564 2378 τοῦτο
582 2322 696 2383 duminio
712 2346 762 2393 γνν.
784 2327 883 2380 omisso
899 2327 939 2379 τὸ.
958 2328 1021 2382 fort.
1040 2330 1093 2401 leg.
1110 2334 1157 2399 τῷ.
1178 2331 1276 2386 Hnmb.
1296 2334 1341 2386 ἵνα

251 2395 319 2449 οὕτω
338 2398 408 2448 εἴπω.
426 2427 458 2437 -
476 2395 497 2448 si
516 2411 619 2449 omnem
637 2393 760 2448 notitiam
778 2395 899 2449 tollimus
918 2408 945 2450 et
962 2396 1029 2452 hanc
1048 2412 1166 2454 nostrum
1184 2419 1242 2454 esse
1259 2401 1341 2482 igno·

247 2467 380 2519 rationem
398 2465 522 2530 dicimus,
542 2463 565 2515 si
582 2461 620 2527 id,
641 2463 686 2515 cui
704 2464 847 2534 quodlibet
863 2465 951 2518 lumen
969 2467 1138 2522 occludimus
1156 2470 1261 2541 (possis
1274 2471 1340 2524 inde

248 2535 284 2588 ab
304 2536 362 2605 usqi
380 2531 395 2585 ii
412 2533 549 2605 apoduein
568 2532 705 2602 incipere)
729 2530 895 2606 incognitum
915 2536 1081 2590 nominamus
1094 2557 1192 2592 —non
1210 2551 1344 2611 propter-

249 2621 282 2658 το
305 2603 381 2675 quod
404 2622 436 2658 eo
458 2604 607 2676 quidquam
625 2601 658 2652 de
677 2619 710 2655 eo
729 2601 860 2669 dicimus,
887 2625 912 2656 v.
932 2621 956 2658 o.
980 2611 1076 2660 ustura
1097 2625 1151 2659 non
1177 2609 1214 2663 itii
1231 2626 1342 2682 comps-

248 2685 337 2728 rstum
357 2687 433 2739 esse,
452 2687 482 2727 ut
497 2673 559 2725 visu
577 2683 718 2737 cernatur,
744 2672 820 2742 quod
845 2690 929 2744 genus
956 2673 989 2726 de
1012 2675 1179 2758 intelligibili
1203 2678 1342 2748 dicimus3

249 2761 337 2814 neque
355 2743 393 2796 ita
411 2754 595 2815 comparatum
616 2757 690 2808 esse,
717 2752 747 2793 ut
765 2741 946 2862 intellipumus
970 2755 996 2797 et
1013 2747 1251 2801 comminiscamur
1272 2747 1342 2800 sub·

249 2810 368 2865 stantiuli
379 2825 404 2864 et
423 2830 515 2866 crassa
533 2808 756 2878 commentatione
777 2809 854 2874 (intel
866 2812 1113 2884 ectione)-quod
1129 2828 1210 2887 genus
1229 2816 1262 2867 de
1274 2817 1342 2872 Uno

248 2881 332 2949 volet,
360 2882 409 2934 sed
426 2883 595 2955 incognitum
613 2881 650 2931 ita
669 2891 725 2945 est,
748 2889 778 2931 ut
797 2881 904 2934 nullam·
923 2881 967 2933 sui
985 2898 1076 2935 anesin
1107 2883 1152 2938 det
1169 2903 1255 2955 neque
1275 2901 1346 2938 oon-

246 2953 388 3020 jectursm.
424 2952 486 3005 Nou
504 2950 573 3003 enim
591 2947 647 3020 ipsi
665 2964 761 3000 nomen
780 2966 795 3002 a
813 2950 898 3019 prime
916 2950 1047 3030 incogniti
1064 2953 1102 3004 ita
1121 2953 1282 3020 indidimus,
1309 2967 1346 3009 ut

249 3037 311 3073 oum
330 3020 405 3073 aliud
427 3020 532 3092 uliquid
577 3030 684 3070 rseterea
713 3019 767 3085 ait,
792 2967 961 3092 incognitum
979 3037 1077 3090 ipsum.
1098 3023 1135 3088 (s.
1155 3023 1343 3090 inscientiam)

247 3107 301 3161 pro
320 3089 346 3140 ii
366 3102 505 3144 ornatura
524 3037 636 3141 hoissi:
656 3085 704 3167 sed
722 3105 809 3158 neque
824 3088 911 3142 Unum
930 3106 1016 3159 neque
1034 3088 1201 3210 principium
1219 3109 1344 3174 prorsus

247 3159 315 3212 nihil
333 3159 364 3212 de
387 3177 419 3213 eo
445 3157 581 3213 enuntiare
603 3167 752 3209 statuimus.
788 3157 864 3208 Ero
889 3159 977 3211 bucce
1006 3165 1032 3223 (e
1054 3163 1109 3223 ata)
1135 3165 1192 3229 ejus
1219 3162 1344 3216 indolem

246 3227 436 3300 ingeniumque
454 3245 510 3280 non
536 3225 690 3298 designant,
718 3225 793 3295 quod
842 3224 914 3289 ihil,
930 3226 1005 3298 quod
1034 3228 1166 3282 Omnibus
1193 3229 1343 3299 Ulterius,

222 3301 224 3308 ’
247 3298 323 3369 quod
341 3298 429 3352 Causa
445 3294 582 3367 superius,
600 3295 678 3365 quod
696 3292 900 3348 Omnibus'non
919 3310 1022 3366 epium,
1041 3298 1130 3352 bucce
1147 3300 1257 3370 inquam
1278 3300 1344 3367 ejus

245 3367 364 3420 indolem
383 3383 435 3420 non
454 3366 605 3438 designaut,
625 3362 673 3414 sed
692 3375 769 3417 notas
792 3366 958 3445 posteriores
978 3367 1135 3437 (empirioas
1154 3369 1283 3434 dicimus)
1305 3370 1345 3422 de

247 3453 281 3490 eo
300 3437 402 3490 tollunt
420 3449 445 3489 et
461 3445 566 3508 negant.
586 3463 618 3474 -
631 3431 774 3504 Quomodo
792 3432 876 3504 igitur
895 3435 997 3516 aliquid
1015 3435 1047 3488 de
1066 3453 1098 3490 eo
1117 3437 1263 3492 dicimus?
1285 3440 1345 3491 nisi

246 3506 404 3576 posteriora
421 3515 636 3578 cognoscentes,
661 3502 717 3556 baeo
740 3502 848 3574 indigna
866 3505 1019 3574 pendimus,
1045 3523 1102 3576 quse
1120 3507 1155 3561 sd
1172 3508 1347 3579 positionem

244 3574 502 3646 affirmationemque
520 3573 587 3638 ejus,
607 3570 684 3693 quod
700 3587 813 3642 prorsus
831 3572 970 3626 ineffabile
989 3587 1043 3642 est,
1062 3575 1253 3641 adhibeantur,
1276 3595 1346 3630 oum

244 3643 275 3696 id
292 3644 381 3715 ipsum
403 3642 605 3715 sliquodsmmo
626 3649 753 3712 ociinque
778 3643 979 3714 cognoscimus.
1015 3673 1047 3684 -
1081 3643 1143 3698 Jam
1163 3646 1237 3716 quod
1265 3645 1349 3698 ultra

246 3729 350 3765 omnem
370 3713 548 3785 coguitionem
566 3711 681 3776 excedit,
701 3711 916 3781 augiistissimnm
934 3723 981 3765 est.
1009 3713 1065 3768 Sed
1089 3713 1141 3767 hoc
1160 3715 1348 3786 predicatum

245 3783 271 3834 ei
290 3799 341 3834 non
360 3795 489 3854 quantum
506 3783 534 3832 in
552 3797 581 3832 se
600 3789 649 3844 est,
669 3780 717 3831 sed
736 3778 771 3832 sb
783 3793 875 3834 nostra
888 3780 1037 3848 affectione,
1057 3800 1116 3853 quse
1135 3784 1236 3837 abillo
1255 3783 1348 3835 nobis·

244 3853 412 3920 insinuatur,
431 3852 561 3904 tributum
581 3849 665 3903 adest.
702 3849 740 3902 Ut
757 3849 931 3903 similitudine
956 3861 1036 3904 utar:
1062 3853 1084 3903 si
1102 3851 1147 3918 id,
1173 3851 1248 3922 quod
1268 3871 1346 3924 quo-

244 3921 388 3974 dammodo
408 3933 517 3991 aparte
535 3934 584 3970 sua
602 3918 713 3970 meliore
732 3920 865 3990 cognosci
883 3920 984 3990 nequit,
1009 3920 1120 3975 alteram
1138 3939 1193 3972 rem
1213 3933 1348 3992 superat,

245 4009 303 4060 quse
321 3990 401 4062 plene
419 3990 470 4042 sub
489 3987 674 4069 cognitionem
694 3988 777 4053 cadit,
793 3989 857 4040 inde
876 3990 1014 4070 sequitur,
1033 4001 1064 4042 ut
1082 3990 1121 4056 id,
1140 3989 1215 4061 quod
1234 4009 1347 4061 nequa-

245 4077 325 4129 quem
349 4071 464 4131 propter
489 4057 594 4110 insitam
617 4057 800 4110 excellentiam
827 4057 977 4131 cognitioni
1000 4073 1090 4132 patet,
1118 4077 1248 4112 summum
1279 4077 1346 4112 esse

244 4129 431 4194 conliteamur,
451 4142 612 4199 quamquam
630 4126 658 4177 in
676 4125 723 4179 illo
742 4143 829 4198 neque
848 4128 982 4180 Summum
1000 4147 1087 4202 neque
1105 4129 1348 4202 Angustissimum

242 4199 315 4254 insit.
353 4199 415 4253 Huc
434 4197 467 4250 de
484 4195 532 4250 illo
550 4195 709 4251 assertiones
733 4209 795 4252 suut
821 4209 917 4254 nostre
933 4198 1026 4271 (vulgo
1043 4200 1139 4268 dicunt
1155 4197 1346 4269 subjectivae).
