2824 4838
145 889 407 1032 Damascius,
436 939 584 1014 etiamsi
613 955 697 1012 cum
724 937 846 1032 libris,
867 905 1160 1037 'philosophiam
1227 927 1231 934 ⁴

89 1056 352 1155 illustrantibus,
385 1070 465 1138 tum
496 1061 650 1136 historio
681 1061 893 1161 principum
924 1085 1000 1138 sure
1031 1060 1150 1134 costis

88 1179 385 1282 philosophorum,
412 1185 562 1282 vitaque
582 1187 731 1276 Ιεὶἀωῆ,
755 1184 930 1282 magistri,
954 1183 1042 1258 satis
1062 1207 1149 1280 pro-

87 1304 231 1398 spexisse
263 1305 471 1400 videretur,
507 1329 555 1382 na
584 1330 652 1382 sua
685 1306 860 1382 memoria
892 1305 1148 1397 intercideret,

87 1431 182 1520 utque
200 1427 357 1504 aliorum
377 1453 526 1528 suaeque
549 1429 667 1528 ipsius
679 1453 746 1504 ras
764 1437 875 1528 atque
896 1427 974 1506 vito
992 1427 1150 1528 posteris

86 1555 164 1620 notae
178 1557 318 1643 essent,
342 1559 465 1626 tamen
478 1574 554 1626 non
567 1551 723 1626 multum
740 1549 875 1644 obfuit,
898 1549 988 1649 quin
1000 1549 1150 1650 penitus

87 1664 316 1765 ignoraretur,
339 1679 438 1748 certe
469 1671 588 1770 qualis
612 1680 726 1765 essct,
749 1696 826 1747 nou
853 1678 1150 1771 cognosceretur,

88 1792 363 1892 quandoquidem
380 1795 571 1893 hucusque
587 1794 634 1868 de
654 1818 698 1870 eo
717 1819 790 1882 non
809 1791 971 1894 judicari
987 1800 1149 1893 poterat,

87 1910 143 1986 nisi
155 1937 202 1988 ex
216 1915 431 2013 fragmenti
442 1914 597 1990 minutis
609 1924 646 1990 et
660 1915 874 2015 Excerptis,
899 1939 981 2014 quc
991 1913 1151 1988 Photius

86 2031 308 2132 Myriobiblio
329 2060 396 2112 suo
412 2037 586 2132 inscruit,
610 2037 793 2138 integrum
808 2045 932 2114 autem
950 2059 1045 2136 opus
1064 2036 1149 2110 nul·
1246 2101 1248 2104 .

84 2156 147 2233 lum
163 2163 204 2236 in
222 2162 343 2236 lucem
359 2169 585 2261 protractum
603 2169 693 2236 erat.
742 2161 908 2238 Tandem
928 2159 988 2234 hic
1005 2158 1150 2256 integer

84 2283 190 2376 prodit
209 2283 306 2358 liber
325 2281 604 2360 abstrusissimis
623 2284 885 2382 questionibus
900 2283 946 2358 do
963 2282 1072 2358 rebus
1090 2279 1149 2356 in-

84 2405 319 2504 telligibilibus
334 2405 510 2497 refertus,
529 2429 639 2503 quem
655 2403 845 2504 sapientia
858 2413 897 2478 ot
910 2400 1148 2502 philosopho-

84 2546 151 2599 mm
163 2525 344 2602 seriorum
360 2523 513 2600 studiosi
532 2549 607 2601 non
625 2525 768 2624 ingrato
792 2524 916 2600 animo
934 2523 1015 2602 soro
1033 2529 1076 2596 ut
1087 2545 1150 2596 oc-

86 2644 222 2745 cipiunt,
250 2669 377 2746 spcr03
402 2646 541 2748 quippe
563 2669 636 2744 quo
655 2645 791 2747 partim
812 2645 967 2720 historia
987 2643 1149 2742 pbiloso-

85 2769 165 2863 pluiae
183 2771 341 2862 ditetur,
364 2769 499 2868 partim
514 2770 595 2869 ipsa
609 2767 842 2868 philosophia
862 2765 1071 2868 promoveri
1091 2764 1149 2839 vi·
1224 2860 1229 2874 1

85 2889 207 2969 icatur.
243 2893 394 2970 Utinam
408 2891 519 2968 etiam
533 2889 614 2990 ejus
628 2913 723 2990 opus
736 2889 951 2966 historicum
966 2889 1150 2987 integrum

29 3015 30 3024 ³
85 3009 272 3114 inpromtu
284 3016 397 3090 esset!
430 3015 505 3090 Sed
521 3037 634 3112 quum
652 3011 732 3112 ejus
748 3013 801 3087 nil
818 3011 891 3088 nisi
904 3011 1093 3109 Excerpto
1111 3018 1150 3084 et

85 3135 187 3214 lacera
202 3135 427 3238 disjectaque
442 3139 601 3212 membro
618 3144 786 3229 restam,
799 3135 858 3210 his
875 3131 1047 3212 subsidiis
1063 3157 1151 3210 sone

86 3281 176 3354 quam
189 3261 337 3358 exiguis
351 3268 515 3352 utamur,
539 3258 672 3357 quibus
683 3256 797 3334 vitam
810 3253 996 3332 Damascii
1010 3252 1150 3328 brevis·
1270 3261 1273 3266 “

29 3399 30 3412 *
86 3377 160 3454 rinc
177 3381 447 3457 adumbremus.
487 3379 604 3454 Hunc
618 3379 732 3478 igitur
747 3380 886 3477 Syrum
901 3399 950 3450 ex
969 3377 1060 3450 urbe
1073 3374 1150 3450 Da-

29 3493 30 3510 ’
86 3524 187 3576 nosco
211 3500 409 3577 oriundum
434 3500 567 3592 fuisse,
598 3509 636 3575 et
658 3500 869 3576 Jusliniano
888 3497 921 3572 Ι.
948 3498 1152 3597 imperanto
1255 3576 1257 3581 ,
1352 3479 1360 3497 ’

29 3689 30 3726 o
85 3618 256 3718 floruisse,
280 3623 369 3699 satis
390 3631 531 3698 constat
552 3623 594 3720 ¹).
644 3622 801 3714 Verum,
823 3618 900 3719 ‘quo
924 3643 1023 3693 anno
1043 3623 1152 3692 natus

138 3819 338 3888 l)1'hotius
358 3819 435 3873 Gerl.
458 3815 976 3872 cnxxxroocou.ccxn11.soioas
997 3831 1018 3866 s
1042 3831 1068 3865 v.
1089 3813 1152 3866 Δα-
1172 3819 1175 3829 '

85 3886 240 3954 μα’σκιος,
265 3885 395 3957 ἤκμαζεν,
421 3889 462 3943 eil
484 3888 527 3942 ἐπὶ
547 3889 597 3943 τῶν
618 3886 804 3941 Ἰουστινιανοῠ
824 3888 937 3955 χρόνων.
976 3883 1053 3936 luem
1088 3898 1151 3932 eum

86 3954 142 4008 lolsu
157 3959 281 4012 nominat
297 3959 435 4022 Stoicum,
453 3975 537 4026 quum
556 3965 646 4012 noster
663 3959 766 4026 ubique
783 3955 987 4026 philosophiam
1005 3953 1065 4006 istis
1082 3957 1151 4003 tcm-

85 4027 180 4087 poribus
196 4034 348 4095 receptam‚
366 4029 537 4084 Platonicum
554 4045 636 4096 quarn
653 4033 766 4090 vocent,
784 4027 934 4096 prolibatur.
968 4023 1058 4076 litium
1076 4022 1101 4072 J.
1119 4019 1150 4070 A.

86 4092 211 4153 Fabricius
229 4099 261 4151 in
277 4098 350 4152 Bibl.
369 4115 411 4167 gr.
429 4098 502 4150 inter
516 4098 686 4159 Platonicos,
703 4097 900 4164 Peripatoticos
917 4100 944 4146 ct
960 4094 1033 4145 inter
1045 4089 1160 4143 scalcos

86 4171 190 4223 osorum
206 4175 339 4223 recenset.
374 4168 507 4236 Equidem
529 4168 654 4235 quemvis
673 4169 706 4219 olo
723 4183 809 4228 anuo,
827 4180 881 4232 quo
900 4164 1024 4216 Marinum
1040 4160 1150 4222 obierit,
1261 4209 1262 4217 ,
1381 4205 1382 4214 ,

1324 3847 1329 3884 l
1381 3877 1382 3886 l
