2750 4840
262 269 331 338 ¹210

255 453 309 532 τὴς
334 455 438 533 τρίτης
465 449 587 538 ἀρχεται
618 455 677 516 τῶν
703 458 823 537 νοητῶν
855 444 1090 536 ῦιακοσμὴσεαιν.
1129 455 1191 518 ἔστι
1213 451 1261 534 μὲν
1277 447 1320 534 μλρ

254 557 275 640 ἡ
298 555 402 644 πρῶτη
424 557 572 641 ῦισίκρισις
587 563 629 638 ¹¹)
658 563 709 626 καί
738 559 885 646 διαίρεσις
909 568 1044 647 σημαία·
1079 565 1177 645 ἐκείνη
1204 557 1234 624 ue*
1253 554 1318 642 πὴγὴ

254 669 317 731 τῶν
337 670 446 751 πηγῶν
466 665 647 749 ἀνυμνεῖται.

164 781 241 860 Cap.
336 779 484 859 Πέμπτον
512 783 611 841 τοίνυν
640 775 716 862 πρός
743 774 867 851 τούτοις
893 774 956 842 ἀπὸ
984 781 1041 842 τοῦ
1063 780 1209 862 μερισμοῦ
1227 798 1322 840 παντα-

172 872 224 930 ⁵3·
252 885 309 966 χοῦ
331 884 382 948 ἐπὶ
404 879 439 946 τό
459 881 620 966 ἀμέριστον
640 881 745 966 ἄνιμεν
761 888 807 963 ¹),
827 875 905 950 ῶστε
924 887 977 950 καὶ
998 883 1061 950 ἀπό
1080 887 1322 951 τοῦπάντωνιιοι-

251 995 307 1055 νοῦ
333 994 481 1076 μερισμοῦ
504 994 555 1056 ἐπὶ
575 989 612 1056 τό
631 988 755 1058 πάντων
774 990 876 1058 καινόν
898 993 1061 1076 ἀμέριστον
1081 988 1323 1078 ἀναμθὴσόμεθα·

251 1103 344 1164 τοῦτο
364 1099 400 1163 ῦέ
420 1103 484 1164 ἐστι
505 1097 541 1164 τό
565 1092 689 1164 πόντων
710 1107 876 1186 σαναίρεμα
896 1097 916 1183 ἡ
937 1098 1130 1166 δικαιότατον
1151 1106 1242 1166 εἰπεῖν
1264 1102 1323 1162 ἕνα·

250 1234 319 1298 μαμ-
339 1204 385 1273 Τό
414 1206 473 1292 γὰρ
500 1206 600 1272 πιόντα
626 1208 785 1292 ἡνωμένος
806 1205 841 1274 όν
858 1210 910 1272 καὶ
930 1207 1125 1294 ἀῦσακρίτως,
1155 1209 1196 1284 ῶς
1214 1206 1234 1289 ἡ
1254 1199 1324 1287 miri)

249 1305 310 1380 τῶν
330 1314 453 1380 πολλῶν
482 1315 593 1399 ὀχετῶν
620 1315 791 1397 ἀῦιόριστον
818 1321 918 1395 ἔνωμα
933 1317 977 1396 ²),
1009 1319 1105 1381 τοῦτο
1134 1313 1174 1380 ἀν
1203 1316 1247 1396 είὴ
1273 1310 1325 1374 οἷον

247 1421 394 1499 πολλάκις
413 1423 491 1488 εἶιναι
514 1421 549 1488 τό
571 1421 604 1488 όν
626 1425 830 1506 ὑπονοοῦμεν.
856 1420 903 1489 Τό
927 1421 983 1509 γὰρ
999 1420 1162 1500 πεπονθός
1176 1427 1229 1508 μέν
1242 1418 1275 1484 τό
1294 1423 1327 1492 έν,

249 1529 306 1596 οῦκ
336 1529 372 1597 όν
398 1530 430 1597 δέ
452 1540 500 1610 ἓν,
521 1531 556 1596 τό
587 1530 620 1596 όν
641 1529 678 1597 ῶν
699 1535 765 1616 εἴη,
791 1539 822 1598 ἓν
854 1557 884 1596 τε
913 1530 946 1596 όν
964 1535 1016 1598 καὶ
1039 1533 1091 1617 οῦχ
1112 1539 1162 1598 έν·
1189 1527 1268 1598 ἀλλά
1286 1528 1327 1592 καί

248 1642 342 1705 ταῦτα
366 1636 451 1704 οὕτω
479 1639 676 1724 διωρισμένα·
702 1637 751 1705 ῦιό
778 1639 873 1723 μόνον
899 1640 1100 1723 ἡνωμένον
1129 1638 1216 1717 ἀξιον
1232 1637 1326 1718 κεκλὴ-

246 1749 338 1812 σθαι.
366 1753 394 1813 εἰ
420 1745 458 1833 δὴ
488 1744 549 1812 ἀπό
577 1750 630 1837 μὲν
653 1755 709 1813 τοῦ
734 1749 904 1823 παντελοῦς
924 1746 1119 1830 ῦιαιιρίματος
1139 1751 1201 1812 τῶν
1222 1744 1327 1810 πάντων

246 1857 300 1920 ἐπὶ
327 1852 365 1920 τό
389 1857 537 1932 παντελές
564 1855 713 1941 σύγκριμα
742 1856 801 1921 τῶν
830 1853 950 1920 πόντων
970 1853 1093 1936 ἀνιμεν,
1126 1857 1178 1919 καί
1199 1848 1257 1918 ἀπό
1278 1843 1328 1916 τοῦ

245 1962 437 2046 πλὴθιισμοῦ
455 1964 580 2030 πάντων
598 1966 649 2030 ἐπὶ
668 1961 704 2031 τό
725 1949 847 2029 πόντων
869 1968 983 2045 ἔνωμα,
1011 1964 1106 2044 σαφές
1125 1956 1174 2027 ’ότι
1195 1963 1246 2026 καί
1266 1954 1327 2024 τιό·

245 2099 307 2138 των
326 2075 464 2138 ἐπέκεινα
486 2073 660 2159 ἀναβαίνειν
681 2069 861 2159 πειρώμενοι
881 2071 988 2155 πολλῶ
1006 2073 1147 2155 μειζόνως
1161 2065 1325 2154 ἇποστησό-

244 2184 332 2262 μεθα
353 2178 455 2265 πόσης
474 2179 734 2263 ἀντιόιαιρέσεως,
763 2183 816 2246 καὶ
837 2181 877 2256 ῶς
898 2178 961 2246 ἀπό
980 2178 1157 2266 ἀῦιακρίτοιι
1171 2182 1201 2256 ³)
1222 2177 1327 2261 ἡνωμί·

243 2313 300 2353 νον
333 2284 450 2373 κόσμου
477 2290 649 2366 παντελοῦς
683 2291 734 2355 ἐπί
763 2288 875 2372 κόσμον
904 2288 1042 2373 παντςλὴ
1077 2288 1131 2354 οῦκ
1165 2289 1328 2372 ἀδιάκριτον

244 2397 419 2482 κεκλῆσθαι
448 2396 545 2477 ἀξιον·
570 2397 643 2464 οάῦὲ
669 2396 727 2484 γὰρ
752 2398 922 2482 ἡνωμένον,
949 2397 1017 2464 ἀλλ’
1043 2402 1090 2464 &a
1118 2398 1329 2478 ἁπλούστερον,

142 2532 173 2584 p.
187 2531 230 2587 79.
244 2505 345 2571 πολλοὶ
369 2503 390 2590 ἡ
417 2503 546 2592 ἀπειρόν
573 2505 593 2592 ἡ
624 2503 733 2572 indua.
760 2501 796 2572 τό
817 2503 871 2594 ράρ
900 2505 1053 2590 ἡνωμένον
1079 2510 1213 2589 ἔμφασιν
1235 2505 1328 2591 έχειί)

242 2617 295 2698 καὶ
320 2614 441 2680 πολλοῦ
466 2619 517 2680 καὶ
538 2614 620 2694 ἑνός,
650 2622 678 2681 εί
699 2617 749 2681 καί
770 2611 862 2700 μὴπω
882 2612 1058 2700 ῦιιιίρισται,
1087 2614 1165 2700 μηδὲ
1186 2620 1282 2682 ταῦτα
1301 2615 1329 2676 ἐν

241 2721 339 2806 αῦτῶ.
360 2726 454 2808 ἐκείνη
485 2723 519 2789 δὲ
546 2718 660 2808 ἡάρχὴ
681 2719 782 2788 πολλῶ
811 2725 916 2806 μόνον,
944 2709 1096 2790 καθόσονΙ
1109 2727 1190 2790 ἐστι’·
1214 2720 1263 2790 διό
1285 2722 1329 2788 καί

240 2828 366 2912 ἀπειρον
386 2834 460 2896 καθ’
484 2832 583 2896 ἑαυτό.
605 2827 642 2895 τὸ
656 2829 713 2916 μάρ
731 2827 811 2896 ἀνευ.
822 2832 880 2896 τοῦ
894 2826 960 2908 ἑνός
979 2832 1107 2914 πλῆθος
1121 2829 1329 2924 ίπινοσόμενσν

241 2935 398 3027 ἀπειράκις
411 2939 440 3020 ⁵)
464 2936 587 3024 ἄπειρον
614 2940 665 3005 καί
693 2937 715 3023 ἡ
747 2943 801 3006 τοῦ
829 2938 955 3024 ἀπείρου
981 2926 1180 3027 ἀστάθμητος
1201 2937 1327 3026 ἀχόνεια.

241 3051 306 3111 ἔστι
335 3048 388 3129 μὲν
418 3036 473 3112 οῦν
501 3042 612 3112 καὶτὸ
641 3043 765 3130 ι’ίπειρον
787 3052 840 3154 έν,Ι
869 3042 950 3113 ἀλλά
975 3044 1051 3114 κατά
1078 3052 1225 3131 μέθεξιν·
1253 3047 1272 3132 ἡ
1300 3045 1329 3110 ἀὲ

226 3149 367 3238 «ῦπαρξις
388 3154 485 3222 αῦτοῦ
507 3158 559 3220 καί
573 3157 602 3236 ⁶)
626 3154 690 3220 οἷον
705 3150 831 3239 ,ἰδιότης
851 3153 953 3220 πολλὰ
969 3152 1062 3250 μόνον
1074 3159 1125 3221 καὶ
1138 3153 1265 3242 ἀπιιρον
1278 3152 1329 3239 μα’-

238 3283 308 3326 νον·
331 3261 388 3346 οὐχ
409 3254 467 3328 ὧδε
487 3259 588 3328 πολλὰ
609 3252 651 3338 ῶς
668 3287 736 3327 τινα
757 3262 868 3342 πλείω,
887 3267 939 3328 ἵνα
960 3266 1013 3329 καί
1032 3263 1187 3348 ἡνωμένον
1200 3264 1329 3360 γένηται,

238 3374 273 3436 έκ
290 3371 413 3436 πολλῶν
435 3369 480 3455 τῶ
499 3373 543 3436 ἑνὶ
563 3373 809 3455 συγκραθέντων,
829 3370 895 3437 ἀλλ’
915 3370 999 3437 ἔστιν
1020 3379 1052 3438 έν
1072 3369 1176 3438 πολλὰ
1197 3377 1237 3468 τῇ
1259 3366 1330 3438 ῑῦιό-

237 3504 323 3563 τὴτι,
350 3477 410 3567 πρό
429 3478 463 3544 δὲ
483 3481 543 3544 τῶν
564 3479 687 3544 πολλῶν
707 3475 787 3546 αῦτό
804 3481 834 3562 7)
859 3474 900 3566 δὴ
920 3504 982 3546 που
1002 3465 1040 3558 ,το
1061 3485 1096 3547 έν
1117 3470 1196 3556 όλως
1218 3487 1266 3560 έν,
1293 3479 1330 3553 ῶς

292 3661 338 3726 ιι]
356 3660 431 3712 Mon.
449 3658 465 3726 ἡ
485 3678 528 3729 πρ.
547 3658 672 3731 διαίρεσις
691 3662 735 3713 καί
752 3661 837 3730 διακρ.

310 3733 341 3794 ι)
361 3730 434 3782 Mon.
454 3728 565 3798 ἄνειμτν.
586 3730 653 3782 licet
670 3730 793 3782 inferius.
816 3758 845 3768 -
872 3733 901 3794 κ)
922 3729 956 3781 Η.
975 3727 1067 3798 ὄνομα.
1085 3757 1121 3768 -
1142 3729 1173 3794 3)
1193 3731 1270 3783 Mon.
1289 3728 1328 3780 ἀί.
1359 3729 1362 3734 ’

236 3799 286 3850 τοῦ
301 3796 341 3864 ἡν.
362 3819 385 3852 κ.
405 3801 543 3859 παντελῶς.
563 3828 596 3838 -
638 3805 669 3860 4)
688 3802 762 3852 Μοιι.
784 3803 803 3850 i.
824 3801 922 3851 πολλοῦ
940 3801 990 3852 καί.
1016 3831 1044 3838 κ
1085 3799 1115 3864 5)
1136 3801 1214 3854 Mon.
1236 3797 1328 3852 παλλό-

42 3925 45 3933 ,
147 3865 152 3874 ’
238 3867 337 3927 κιςάπ.
367 3895 399 3906 -
440 3872 471 3932 6)
491 3870 722 3920 Mummium.
744 3889 770 3920 π.
789 3889 817 3937 μ.
840 3867 1030 3920 ἀλλὰκαλάτι.

125 3935 128 3945 '
308 3944 336 4005 7)
357 3936 430 3988 Mon.
452 3935 516 3988 αὐτὸ
534 3937 566 4002 δὴ
585 3941 665 3990 τοῦτο
684 3938 717 4000 ἓν,
737 3937 770 3997 ὡς
787 3937 879 4006 μόνον.
899 3937 958 3999 ,λεια
978 3938 1002 3988 εἰ
1016 3936 1050 3989 ub
1066 3935 1192 3989 absoluto
1206 3935 1328 3989 Omnium

237 4005 392 4058 discrimine
412 4006 446 4059 ud
470 4006 623 4059 absolutam
643 4008 768 4059 Omnium
788 4008 958 4077 temperiem,
978 4006 1012 4059 ub
1031 4005 1157 4058 Omnium
1172 4005 1197 4056 vi
1218 4020 1246 4058 et
1266 4002 1328 4059 mul·

234 4074 401 4128 titudinem
421 4074 546 4127 Omnium
571 4075 683 4129 Unimen
709 4078 891 4148 exsurgimus,
923 4077 1100 4146 perspicuum
1118 4087 1172 4140 est,
1200 4075 1284 4140 fore,
1302 4085 1330 4124 nt

237 4161 304 4208 ιιοι,
324 4144 370 4196 ubi
393 4145 534 4198 ultru'haec
556 4162 667 4216 quoque
687 4163 817 4217 superare
837 4163 976 4211 conamur,
996 4144 1082 4198 multu
1101 4143 1183 4216 magis
1203 4144 1240 4197 ab
1256 4142 1326 4197 omni
