2798 4834
788 266 806 309 ⁴
1079 283 1148 346 τοι

68 463 106 530 δὲ
127 461 282 540 ὡσαύτως·
303 460 493 549 παράδειγμα
516 459 575 550 γόρ
593 463 853 554 καίόΣσικροίτης
870 468 924 550 τής
944 469 1055 540 οἰκείας
1075 460 1151 529 εἰκό-

67 596 130 647 νος.
170 575 218 636 Αἰ
240 570 296 656 μὲν
319 560 373 636 οὖν
396 567 542 652 ἰδιότητες
569 572 756 661 ἑκατέρωθι·
791 572 872 639 εἰδὲ
894 569 997 640 εἰκόνα
1016 572 1152 656 λέγομεν,

68 675 90 745 ὃ
101 676 197 764 μόνον
216 673 305 744 εἰκιίν
324 679 501 767 ἔστινοῖον
520 676 556 746 τό
575 679 684 746 όνυλον
704 679 796 764 εἶδος,
817 679 875 746 οιίιι
890 676 929 746 όίν
949 683 996 766 εἴη
1016 676 1052 746 τό
1072 685 1153 745 εἰκο-
1201 657 1204 672 ’

66 781 158 852 νικόν
176 788 209 852 ἐν
228 787 270 872 τῷ
291 787 348 872 νῷ·
368 786 420 852 καί
440 789 468 850 εἰ
486 785 689 872 παράδειγμα,
710 781 785 874 όπερ
804 786 949 875 ἀγένητον
962 787 988 868 ³)
1009 786 1062 852 καί
1076 779 1152 850 αἰεί-

67 918 136 960 νιον
156 893 251 974 εἶδος,
279 895 331 959 καί
354 889 372 958 ό
398 888 476 959 κατό
494 877 692 981 τήνπρότήν
712 885 839 982 ἱόπαρξιν
866 894 924 961 οὐκ
951 891 988 960 όίν
1015 883 1063 979 εἰη
1082 892 1153 988 τῇδε
1177 932 1182 948 ι

70 1000 314 1086 παγαδείγματσς
345 997 449 1084 φόσις·
485 992 563 1067 οόίτοι
589 1009 691 1069 τοίνυν
711 1004 766 1068 καί
791 999 828 1069 τό
850 1002 1022 1086 ὠγκωμένω
1041 998 1081 1076 σός
1098 999 1153 1085 μὲν

70 1109 153 1186 εἶδος
179 1113 252 1189 ἐκεῖ,
282 1108 440 1193 όμέριστον
465 1106 656 1194 οἰγιιωμένον·
680 1111 821 1177 ἐνταῦθα
846 1109 880 1177 δὲ
908 1109 1084 1194 σόγκομένον
1113 1107 1153 1183 ὡς
1200 1137 1202 1148 ·

70 1217 152 1292 εἶδος
165 1217 233 1303 μὲν,
253 1212 396 1301 μεριστόν
409 1214 444 1282 δὲ
462 1206 552 1302 όμοις,
572 1218 625 1284 καί
635 1216 808 1303 ιίγιιομίνον
823 1217 863 1294 εἰς
872 1213 1021 1304 μεριστόν.
1052 1211 1153 1301 Κοινή

69 1325 126 1410 μὲν
148 1313 232 1407 οὖνὴ
250 1319 365 1410 ἰδιότης
377 1327 559 1411 ἑκατέρωθι,
577 1323 644 1410 ήδὲ
663 1324 765 1412 πρώτη
785 1325 838 1392 καί
857 1321 966 1412 ἐσχάτη
987 1324 1155 1401 ὑπόστασις

71 1431 153 1508 ἴδιος
170 1430 452 1516 {uadem-nalo}
472 1435 533 1498 τοῦ.
547 1436 693 1519 γεννητοῦ
707 1427 790 1518 ιιῖιιίή
809 1434 864 1499 τοῦ
885 1428 1047 1519 ἀγεννήτου
1063 1433 1115 1498 καί
1134 1430 1155 1516 ή

71 1543 131 1608 τοῦ
151 1536 257 1606 ἐνόλου
277 1537 365 1623 καίή
393 1541 448 1606 τοῦ
477 1536 589 1621 όίῧίοο,
624 1539 677 1606 καί
701 1539 720 1625 ἦ
746 1545 802 1608 τοῦ
829 1539 969 1627 ε’γχρόνου
986 1541 1037 1604 καί
1058 1540 1078 1625 ἡ
1101 1550 1155 1605 τοῦ

73 1651 214 1712 αἰωνίου·
248 1644 317 1713 οὐδὲ
344 1649 441 1712 ταῦτα
462 1644 503 1722 εἰς
531 1650 564 1712 αἰ
584 1645 744 1734 ἰδιότητες,
778 1645 859 1714 m&
876 1646 917 1723 ὥς
935 1647 1084 1733 γεννηθὲν
1104 1647 1156 1712 καί

73 1757 237 1840 γεννῆσαν,
271 1755 323 1820 καί
351 1750 393 1830 τός
419 1743 547 1839 όπαρξιν
566 1755 618 1822 καί
644 1759 773 1839 μέθεξιν
780 1802 789 1835 ,
813 1754 879 1820 ’καί
904 1753 944 1832 ὥς
970 1749 1009 1820 σ’ίν
1028 1781 1074 1830 τις
1094 1756 1153 1838 ἔχοι

72 1860 263 1949 διορίζεσθαι
288 1863 401 1945 γένεσιν
426 1863 479 1928 καί
498 1859 626 1943 οιίσίαν,
657 1859 773 1947 οόγιός
791 1860 944 1948 ἰδιότητας
962 1857 1065 1936 κοινός
1085 1859 1155 1927 ἄλλ’

71 1969 115 2046 ὡς
136 1964 319 2045 ὑποστάσεις
338 1967 431 2050 ἰδίας,
458 1965 520 2036 όίνα
539 1969 594 2055 μίν
614 1965 722 2051 οόσας,
752 1971 804 2039 καί
823 1975 867 2047 εἰς
887 1966 922 2036 τό
942 1967 1022 2039 κάτω
1041 1969 1154 2056 προελ-

71 2078 206 2152 θούσας.

162 2185 265 2252 Τοῦτο
285 2183 339 2270 μίν
360 2175 418 2251 οόν
439 2180 517 2254 οότα
542 2183 725 2274 διορίζομαι·
759 2192 862 2271 ἕτερον
890 2185 924 2253 δὲ
950 2186 991 2263 ὡς
1012 2186 1048 2252 τό
1075 2186 1153 2254 αὐτό

72 2292 294 2386 δισριοόμεθα,
315 2293 367 2358 καί
385 2290 568 2378 ἐπίπαντός
586 2299 795 2381 προαγομένου
809 2298 860 2362 καί
875 2289 1071 2380 προόγοντος,
1092 2295 1157 2363 οῖον
1249 2323 1251 2328 ’

72 2407 133 2470 τοῦ
152 2399 356 2485 ἓτεροκινήτου
377 2398 489 2486 κόσμου
509 2400 621 2480 παντός
647 2399 708 2468 όπό
729 2404 784 2468 τοῦ
813 2401 1157 2492 αότοιιινήτουπροίόντ

74 2534 142 2590 τος,
163 2511 217 2576 καί
235 2501 294 2575 τοῦ
315 2506 516 2592 αότοκννήτου
536 2509 597 2577 ἆπό
617 2513 673 2575 τοῦ
693 2505 849 2596 ἀκινήτου·
871 2511 970 2576 πάντα
991 2501 1049 2590 όσα
1069 2515 1101 2576 ἰν
1113 2515 1157 2598 vu}

75 2613 190 2702 προίτηι
210 2618 292 2684 ε’στίν
311 2614 473 2703 ἀκινήτως,
493 2621 525 2683 ἐν
542 2621 584 2702 τῷ
604 2614 733 2702 δευτέρῳ
754 2618 835 2682 ε’στίν
859 2614 1073 2703 αότοκινήτως,
1089 2608 1158 2686 ’καί

74 2729 108 2791 ἐν
119 2730 163 2811 τῷ
176 2730 266 2810 τρίτῳ
279 2723 493 2811 ἑτεροκινήτας,
515 2718 590 2790 όόστε
607 2719 680 2790 ’όντα
693 2722 756 2790 σἰπό
768 2720 863 2790 όντων
880 2720 1008 2807 πρόεισι,
1027 2726 1080 2789 καί
1095 2708 1158 2790 ἀπό

73 2836 291 2918 τῶνίνιργείηι·
312 2833 364 2897 καί
382 2831 418 2896 οὐ
433 2836 589 2916 συμβαίνει
603 2859 633 2897 τι
642 2829 774 2898 οἰτοπον·
795 2829 832 2897 οὐ
850 2828 905 2917 γόρ
921 2827 1030 2898 ταυτόν
1042 2829 1158 2910 ἅπλῶς,

74 2938 152 3006 οὐδὲ
172 2935 309 3016 εἰςαότως
328 2937 365 3004 τό
383 2935 520 3026 παράγον
539 2941 591 3005 καί
610 2936 834 3025 παραγόμενον,
859 2937 926 3004 ἀλλ’
947 2938 1005 3022 ὡδί,
1020 2939 1084 3025 μὲν,
1103 2936 1159 3005 ὡδί

74 3047 110 3114 δὲ
133 3042 189 3112 οίί·
222 3041 258 3112 τό
279 3042 337 3132 γὰρ
357 3048 561 3131 ἑτεροκίνητον
581 3043 676 3112 καλὸν
696 3041 755 3112 ἆπό
776 3050 832 3113 τοῦ
857 3041 1073 3132 αὐτοκινήτου,
1106 3046 1158 3112 καί

75 3153 112 3222 τό
131 3154 329 3240 αὐτοκίνητον
343 3148 404 3219 όπό
418 3158 471 3220 τοῦ
485 3151 641 3238 ἀκινήτου·
669 3146 744 3220 ίόστε
764 3147 860 3232 εἴποις
877 3150 915 3220 όίν
933 3157 985 3220 καί
1003 3151 1039 3221 όν
1054 3149 1114 3220 ἀπό
1127 3157 1157 3229 ί)
1174 3164 1238 3269 Ρῖρ·

77 3262 169 3338 όντος
195 3265 246 3328 καί
264 3259 306 3348 μή
328 3259 362 3328 ίίν
382 3260 441 3328 όπό
467 3259 509 3347 μή
538 3260 636 3339 όντος.
678 3257 764 3328 Ἔστι
783 3261 840 3346 μὲν
857 3262 912 3348 γίιρ
933 3262 974 3340 σός
1006 3260 1042 3328 τό
1068 3259 1158 3343 αὐτό,
1182 3234 1190 3269 ¹
1231 3255 1239 3272 ⁹

77 3375 145 3439 ἔστι
167 3369 202 3436 δὲ
222 3371 262 3448 ὡς
283 3367 339 3436 οίί·
367 3371 419 3436 καί
439 3375 529 3436 τοῦτο
549 3370 603 3455 μὲν
623 3372 674 3436 ε’πί
696 3367 752 3455 τῆς
771 3369 927 3454 ὁμοειδοῦς
950 3369 1027 3436 εἶναι
1048 3369 1158 3438 δοκεό-

76 3507 137 3565 σης
155 3475 306 3565 προόδου·
326 3476 421 3544 καλὸν
442 3476 495 3564 γιίρ
515 3475 579 3544 όπό
594 3475 701 3543 καλοῦ.
742 3483 783 3544 Εἰ
802 3477 837 3543 δὲ
857 3479 908 3543 καί
928 3474 963 3544 τό
983 3474 1077 3543 καλόν
1097 3475 1160 3546 ἆπό

78 3592 136 3655 τοι]
165 3587 290 3678 ἀγαθοῦ
293 3634 302 3667 ,
334 3583 355 3670 ή
379 3584 416 3652 τὸ
446 3589 651 3672 ἑτεροκίνητον
677 3584 751 3652 αὐτὸ
782 3582 842 3652 όπό
859 3591 928 3652 Ιτοῦ
952 3585 1160 3671 αὐτοκινήτου,

76 3693 115 3763 τό
134 3690 198 3762 ἀπό
215 3697 271 3762 τοῦ
290 3689 439 3780 σίιιινήτουῚ
453 3691 549 3760 πόλιν
570 3692 625 3759 ὡδί
654 3691 739 3769 ὄντος
759 3695 811 3758 καί
831 3691 887 3759 ὡδὶ
906 3692 947 3778 μή
969 3679 1071 3789 ὄντος,
1091 3697 1159 3760 κατ’
1181 3713 1185 3726 ’

77 3811 180 3892 αἰτίαν
200 3802 255 3888 μὲν
278 3798 381 3881 όντος,
411 3801 488 3867 καθ’
509 3791 637 3887 ὕπαρξιν
657 3799 690 3867 δὲ
710 3786 752 3886 μή
774 3797 876 3876 ὄντος·
910 3804 976 3867 ἔστι
994 3798 1051 3887 γὰρ
1065 3786 1160 3884 ,φύσει

147 3986 178 4051 5)
198 3981 295 4041 Ηειιιίι.
315 3981 462 4053 ἀγέννητον,
480 3992 506 4036 ει
517 3998 580 4035 mox
598 3979 742 4067 ὀγκωμένου
759 3998 873 4052 semper.
892 3981 967 4070 Μορ.
980 3983 1161 4070 ροειιινίιίιον

78 4059 218 4127 ἑκατέραν,
235 4051 252 4120 ἡ
269 4054 316 4106 τοῦ
332 4054 442 4122 γεννητοῦ
459 4072 484 4107 κ.
501 4050 518 4120 ἰγ
534 4071 560 4106 τ.
577 4049 724 4121 ἆγεννητου.
740 4080 776 4096 -··
800 4054 830 4117 ίι)
849 4049 923 4104 Μοα.
942 4071 994 4108 οιιο
1010 4071 1057 4106 τοο
1076 4071 1160 4117 ουτος,

79 4129 123 4180 καί
139 4125 184 4196 μή
196 4121 226 4178 όν
243 4120 295 4178 ἀπὸ
312 4125 361 4177 τοῦ
378 4121 461 4183 ὄντος.
830 4133 835 4138 ·
