2828 4832
1113 207 1353 320 ἰοε

101 424 187 498 ἀρχὴ,
205 422 267 516 ἀλλ
283 423 356 479 αίτίιι
372 426 492 491 μονάδος
510 429 597 481 τεκαὶ
615 411 740 514 ἀριθμοῦ
756 431 870 492 παντός·
900 426 1014 513 οάδὲἐν
1036 428 1185 516 99999999

100 517 165 582 9999,
184 496 244 550 οἷον
259 494 332 556 ελδος
348 497 551 581 μεμονωμένον,
570 492 641 580 ἀλλά
643 499 799 582 μονοειδὴς
815 497 865 553 τών
880 501 1002 585 πάντων,
1020 519 1063 552 και
1057 497 1170 551 ’πολλ’
1149 517 1185 551 ων

100 563 230 652 άπλότης.
278 560 377 648 Ta9’ro'r
395 555 444 616 οῦν
459 558 533 644 ἀρα,
555 563 588 618 τά
605 585 619 618 τ
635 587 679 631 ια,
702 569 748 620 καὶ
766 563 784 636 ἡ
800 568 885 652 τριάς
890 570 991 634 μονάς·
1021 568 1049 649 τό
1069 565 1119 636 γάρ
1136 559 1185 620 Εν

103 635 155 688 οῦκ
170 631 271 703 ίδιότης
286 633 349 699 μία,
366 629 439 686 ἀλλά
455 631 577 716 909013rov
595 586 653 688 οίλνν
669 636 769 703 πολλά,
787 641 833 720 καί
854 656 884 689 τα
905 637 997 690 πολλα
1009 654 1104 703 ουτως
1125 635 1184 690 οἷον

101 705 208 788 πάντα,
215 705 261 756 καί
278 701 312 755 τά
330 702 417 756 πάντα
435 696 468 784 99¹
485 705 572 756 πάντα
589 699 684 769 οὕτως,
706 674 806 758 ἀλλ”
785 725 821 766 ως
839 706 876 770 ἓν,
894 709 939 758 καί
953 705 986 758 τά
997 704 1083 758 πάντα
1094 705 1185 758 πολλά

99 773 170 828 ἐστιν
185 765 334 856 ώρισμέγα·
357 771 391 835 τά
409 769 474 856 γάρ
472 771 587 838 πολλοὶ,
607 769 832 854 προςλαβόητα
816 794 893 859 ορυγ,
912 776 997 836 πάντα
1014 775 1130 861 ἐγένετο·
1152 773 1184 826 τά

99 841 191 895 πολλοὶ
209 839 261 928 γάρ
278 861 295 909 η
286 827 412 907 πολλά,
428 837 532 923 ἀπειρα
550 840 628 908 ἐστιν,
636 837 731 930 ώςπερ
750 846 796 896 και·
813 843 843 896 τό
860 843 889 897 ἓν
900 845 994 929 πέρας,
1013 841 1043 902 ἐξ
1057 829 1090 896 οῦ
1096 842 1183 926 πέρα-

99 929 145 972 τος
164 914 211 998 καί
228 905 352 995 ἀπειρίας
370 908 400 963 τό
419 905 560 994 ἡνωμένρη.
600 906 707 964 Ου’κοόν
725 913 768 965 Εν
783 914 833 978 μὲν
849 907 865 964 ό
882 913 983 982 πατήρ·
1012 911 1102 965 πολλοὶ
1120 905 1183 979 δὲὴ

45 1019 49 1026 .
98 979 146 1033 τοῦ
167 976 372 1065 ἑνόςάορίστου
399 981 446 1063 (ηδ
464 997 497 1030 m.
516 973 669 1065 ἀοριστος,
692 981 864 1068 quoc9mB
892 982 969 1035 etG.
983 971 1184 1065 οουιετιῑὶυγιῑ)

100 1049 229 1114 δῦναμις·
248 1048 336 1134 πάγτα
353 1044 417 1102 δὲ’
401 1067 416 1101 ο
434 1045 498 1126 νρῦς
517 1065 565 1130 του
582 1048 691 1117 πατρός.
718 1043 814 1106 Μ’
770 1069 900 1134 ορρις,
899 1045 940 1103 ὅτι
956 1069 990 1102 τα
983 1048 1094 1102 πολλοὶ
1105 1050 1184 1132 φῦσεη

99 1117 200 1183 μεταξδ
219 1115 267 1170 τοῦ
284 1116 344 1178 ένός
359 1119 406 1169 καὶ
424 1113 474 1170 τών
489 1115 608 1201 πάνταν·
635 1120 680 1202 καί
698 1119 728 1170 τό
744 1121 795 1203 μέγ
821 1121 864 1172 Εν
865 1113 1002 1202 άπλότης
1023 1119 1119 1184 μόνον·
1150 1117 1183 1172 τά

100 1190 128 1240 δὲ
146 1185 247 1248 Πολλά
255 1179 416 1269 ἀοριστία
410 1187 456 1238 καὶ
479 1179 603 1269 ἀπηιρία
633 1185 665 1270 τρὶ
692 1189 721 1239 δὲ
744 1189 832 1240 πάντα
843 1181 928 1267 όμοῦ
949 1185 1057 1268 πάντων
1079 1189 1182 1270 ἕγωσις

100 1253 181 1310 Raro?
198 1253 229 1308 τό
245 1251 381 1324 ἡνωμένον
396 1249 451 1338 ἡρα
468 1255 620 1334 συνέστηκεν
638 1249 653 1307 ό
672 1255 753 1316 νοῦς·
770 1259 816 1308 καὶ
832 1249 917 1340 ώςπιρ
935 1255 1009 1310 έν
972 1275 1008 1308 τω
1018 1257 1101 1340 νρερῴ
1113 1255 1182 1308 κατά

98 1319 206 1384 είδος
187 1341 295 1378 απαντα
312 1325 548 1408 περιγέγραπται,
555 1319 642 1384 οῦτως
659 1323 687 1377 έν
704 1323 740 1396 τῷ
752 1320 876 1408 ἡνωμίνῳ
886 1322 977 1377 aas*
965 1345 994 1380 εν
1002 1343 1089 1379 παντα
1107 1323 1183 1394 συνὴ-

98 1411 175 1462 ρηται
193 1387 392 1480 ἀπιργγράφως.
409 1411 497 1460 μονας
514 1383 562 1447 οῦν
580 1387 635 1477 ἀρα
651 1387 669 1461 ἡ
685 1377 766 1477 φράσις
784 1392 866 1461 αὕτη,
885 1387 988 1482 ἀπλὴ”
969 1414 1028 1460 αμα
1043 1385 1114 1476 ηόσα
1130 1393 1180 1459 (Β.

99 1460 165 1518 etG
178 1481 224 1516 και
218 1453 319 1546 ρόσα)
339 1481 385 1546 κριι
379 1460 489 1515 πολλοὶ
497 1462 544 1513 καί
552 1461 647 1514 πάντα.
667 1453 821 1516 Παντων
787 1481 846 1540 γαρ
847 1465 894 1516 καὶ
900 1459 1022 1551 ἀπώρων
1033 1481 1050 1547 η
1043 1457 1182 1530 ’ἀπλότης

100 1529 261 1618 περιεκτικὴ·
280 1529 312 1584 τά
329 1528 380 1614 γάρ
397 1529 490 1584 πολλοὶ
506 1531 551 1582 καὶ
566 1529 655 1613 πάγτα
677 1527 788 1613 ὥρισται
805 1551 845 1616 19
868 1532 919 1596 ἑνί,
949 1530 1051 1616 έπειδὴ
1064 1533 1111 1582 καὶ
1134 1549 1202 1584 του·

98 1601 159 1662 ένος
174 1619 215 1668 ην.
238 1619 294 1668 αρα
312 1618 360 1654 ουν
376 1597 465 1684 μονάς
480 1617 532 1664 μιν
549 1598 585 1669 τῷ
601 1594 781 1668 ῦποκειμένῳ,
797 1601 863 1678 τρία
874 1602 903 1654 δὲ
923 1599 1027 1680 ε’χρυσα
1040 1595 1180 1664 ίδιώματα,

97 1663 184 1752 ἡμεῖς
191 1670 221 1722 δὲ
237 1667 404 1754 διορίζομεν,
422 1687 456 1752 γυ
450 1651 616 1750 δυνάμένοι
633 1669 775 1722 συνελεῖν
763 1689 791 1723 εν
805 1665 919 1752 πράγμα
936 1666 987 1721 τών
1003 1667 1089 1756 τριών
1092 1682 1180 1750 συναρ-

96 1736 218 1823 ριτικόν.
243 1733 367 1821 Ἀρελέογ
383 1737 471 1790 τοίνυν
488 1735 522 1789 τά
538 1739 707 1824 διωρισμένα
716 1735 848 1804 ἰδιώματα
866 1740 913 1792 καί
930 1732 1059 1822 ἀνακτίρν
1072 1735 1118 1822 έηι·
1136 1737 1181 1816 τὴν

97 1807 164 1873 μίαν
180 1805 260 1889 995699
276 1825 321 1876 την
337 1801 440 1886 02129'9·
458 1807 503 1858 καὶ
519 1803 549 1858 τό
565 1806 655 1861 κοινόν
672 1805 722 1862 τών
738 1805 818 1890 τριών
831 1807 948 1862 νοείσθω
965 1806 1034 1859 κατά
1048 1805 1077 1860 τό
1091 1805 1120 1859 έν
1118 1825 1181 1888 της
1271 1820 1274 1825 ·

97 1875 214 1962 τριάδος.
249 1869 294 1936 Ὡς
311 1877 341 1928 δε
357 1895 488 1961 τριγη
425 1871 619 1933 ’διεξοδεῦσοιι
636 1876 703 1946 τὴν
701 1877 765 1961 μίαν
775 1876 875 1944 φύσιν,
894 1873 919 1928 εί
934 1874 988 1958 χρη
1004 1871 1074 1928 οῦτω
1084 1872 1178 1942 φάναι,

99 1945 128 1999 τό
144 1965 195 2011 μεν
211 1939 332 2014 ἀπλότης
348 1963 439 2014 αυτης,
460 1944 489 1998 τό
507 1945 536 1996 δὲ
554 1945 698 2014 πολλότης,
716 1945 746 1999 τό
764 1948 793 1998 δὲ
810 1945 949 2031 παντότης.
966 1939 1016 1998 Εν
1026 1941 1077 2029 γάρ
1089 1943 1180 1996 πολλά

98 2015 202 2080 πάντα,
219 2015 266 2066 καί
284 2015 371 2066 πάντα
388 2013 479 2067 πολλοὶ
494 2015 540 2064 καί
555 2014 611 2068 Ἐν.
652 2015 711 2069 Hm
727 2032 786 2076 πως
801 2015 853 2080 μία
877 2016 957 2080 φύσις
980 2032 1010 2066 το
1033 2012 1061 2066 ἓν
1083 2014 1129 2063 καί
1147 2011 1179 2063 τά

97 2081 207 2167 πρλλά,
227 2084 274 2134 καί
291 2083 323 2135 τά
338 2083 445 2171 πάντας
476 2077 517 2135 ὅτι
534 2081 566 2135 τά
585 2081 676 2136 πολλά
695 2081 725 2136 τό
741 2080 957 2151 ἀπειροδόναμον
973 2081 1028 2136 έστῖ
1046 2079 1093 2133 τοῦ
1110 2080 1178 2146 ἑνός,

98 2153 131 2206 τοὶ
147 2155 176 2205 δὲ
201 2151 303 2218 πάντα,
330 2149 447 2236 ενέργεια
472 2146 626 2233 παντοῦχος
651 2149 700 2204 τοῦ
722 2152 781 2213 ένός
808 2154 857 2220 (Β.
877 2150 953 2206 etG.
972 2148 1115 2234 πανταχοῦ
1132 2149 1180 2202 τοῦ

96 2221 170 2307 ένός)
189 2219 302 2284 δυ’ναμις
310 2220 362 2308 γάρ
374 2217 444 2274 έστιν
454 2218 569 2274 ε’κτένεια
581 2215 745 2308 ῦπάρξερις’
730 2221 843 2305 εκάστου
853 2220 959 2305 εἴδους,
972 2217 1035 2272 εἴσω
1049 2218 1177 2284 μένουσα.
1221 2246 1224 2257 =

96 2287 230 2376 Ἐνέργεια
247 2289 293 2355 δέ,
320 2286 435 2344 ίκτίνεια
452 2286 590 2354 δυνάμεως
612 2288 651 2350 είς
668 2290 699 2344 τοὶ
717 2288 806 2374 έρτός·
834 2295 902 2358 τρεῖς
924 2287 975 2358 γάρ
1003 2287 1114 2370 λέγομεν
1132 2285 1180 2348 τάς

97 2353 196 2440 ἀρχάς,
213 2377 260 2424 εν,
279 2356 408 2423 πολλά,
427 2357 549 2422 πάντα,
563 2359 705 2442 πατέρα,
724 2360 879 2443 δύναμιν,
895 2353 1043 2444 καίνρῦν,
1058 2357 1177 2443 κέρας,

56 2431 60 2439 “
97 2423 239 2514 ἄπειρον
255 2429 301 2478 καί
317 2426 455 2492 μικτόν,
474 2426 635 2506 μονάδα,
653 2427 763 2481 δυάδα
779 2423 942 2515 ἀόριστογ,
942 2445 988 2478 και
1008 2425 1165 2509 τριάδα
1148 2422 1179 2482 ἐξ

97 2493 215 2586 ἀμεροῖν
226 2493 390 2549 συνεστῶσαν
406 2494 525 2550 τούτοιν
555 2490 621 2550 ὥστε
638 2496 667 2550 τό
690 2489 740 2550 Εν
755 2497 824 2549 κατά
841 2496 871 2582 τό
888 2497 916 2550 ἓν
932 2494 989 2561 ἔχει
1007 2512 1036 2546 το
1053 2491 1180 2580 τριπλοῦν

97 2564 306 2652 ἐμφαινόμενον·
324 2583 370 2618 και
388 2564 422 2648 δη“
436 2559 518 2618 κάλ’
500 2583 517 2633 η
535 2561 705 2649 099999c,'
686 2582 732 2618 ατε
749 2563 816 2626 δυάς
835 2557 920 2646 ρόσα,
938 2568 974 2635 τῷ
990 2565 1040 2630 μὲν
1059 2563 1097 2616 ἑνί
1115 2577 1179 2628 συμ-

97 2633 230 2722 ρερομένη
247 2630 376 2720 έννοιιδὴς
392 2633 505 2720 γίνεται,
525 2651 560 2704 τῳ
551 2630 633 2687 ’δι’
608 2635 741 2718 ηνωμίνῳ
754 2633 849 2734 τριπλὴ
865 2617 1096 2718 συμφάντάζεται·
1111 2631 1179 2692 δυάς

98 2697 154 2772 ἄρα
170 2699 240 2756 ἐστιν
254 2700 283 2758 έν
294 2703 373 2788 μέσῳ,
390 2703 438 2755 τοῦ
454 2703 514 2788 ἕνης
530 2685 577 2756 καὶ
597 2721 643 2788 της
658 2703 785 2772 τριάδος·
809 2722 906 2770 τοαρ
855 2723 906 2791 γαρ
914 2698 1059 2788 ἡνωμένον
1075 2694 1110 2761 ώς
1130 2720 1179 2780 τρι
1182 2755 1184 2760 A

98 2790 158 2840 τον,
176 2771 246 2826 κατά
263 2773 343 2856 φύσιν
358 2767 414 2825 έστι
431 2773 513 2840 τριάς.
534 2790 584 2826 ουκ
600 2770 655 2840 ἄρα
671 2771 832 2838 θαυμαστόν
848 2769 972 2841 εννοὴσαι
988 2771 1018 2824 τό
1036 2773 1079 2834 ἓν,
1107 2765 1177 2822 οῦτω

98 2858 128 2908 γε
144 2839 204 2910 τρία
221 2839 402 2910 διοριζόμενον
420 2842 468 2908 (εδ
486 2857 579 2925 marg.
589 2853 677 2894 notat:
686 2839 752 2926 εἶχε
769 2840 907 2907 διζόμενον
923 2841 1000 2910 quod
1017 2853 1044 2893 et
1059 2839 1093 2890 B
1107 2835 1175 2890 etc.

96 2910 204 2964 habent
223 2910 243 2962 f.
261 2911 282 2966 λ.
300 2911 527 2998 τριαδιζόμεηον),
546 2929 598 2976 ουχ
617 2905 657 2994 ότι
673 2905 846 2993 ἀριθμεῖται,
864 2911 928 2968 ου’δὲ
945 2908 1116 2996 διορίζεται,
1118 2901 1178 2960 ἀλλ

97 2975 139 3034 ότι
157 2976 348 3066 προειληρεν’
333 2999 362 3064 ην
378 2977 466 3063 εαυτῴ
481 2977 527 3062 τὴν
543 2977 592 3031 τοῦ
607 2973 744 3063 ἡνωμένρυ
760 2978 915 3064 τριπλοὴγ,
929 2979 976 3030 καί
993 2971 1030 3038 ώς
1046 2971 1117 3045 ἀρχὴ
1133 2972 1179 3059 τὴς

62 3089 69 3104 .
97 3048 221 3135 δευτέρας
237 3052 284 3102 καὶ
301 3049 387 3134 τρίτης
403 3042 572 3132 ἡγουμένη.
576 3042 665 3133 Ἔστω
682 3046 733 3116 γάρ
751 3049 781 3100 τό
797 3043 890 3109 ἀπλώς
905 3041 954 3100 Ἕν
967 3040 1123 3126 αναριθμον
1132 3063 1179 3097 και

96 3116 277 3203 ἀμοηάδγστον
291 3119 338 3170 καί
355 3111 509 3201 ἀτριαστον·
538 3111 601 3172 οῦδὲ
623 3117 675 3185 γάρ
697 3117 844 3182 μοναδικόν
866 3114 960 3194 ἐστιν,
981 3109 1045 3183 όγε
1065 3111 1163 3184 μηδὲ“
1151 3132 1180 3196 ιη

96 3186 167 3240 κατά
181 3182 356 3272 ἀλήθειαν,
365 3185 434 3239 κατά
457 3189 486 3240 δὲ
510 3185 620 3271 ἔνδειξιν
644 3185 747 3254 λέγεται
764 3186 854 3254 μόνην.
883 3181 1006 3240 τοιοῦτον
1029 3185 1057 3236 δέ
1074 3185 1128 3240 καί,
1146 3180 1179 3232 τά

96 3255 188 3310 πολλά
204 3258 251 3309 καὶ
267 3256 303 3308 τά
315 3255 418 3322 πάντα,
438 3255 483 3308 τόν
499 3250 581 3309 αέτον
597 3255 715 3340 λίγομεν
736 3256 784 3323 (Β.
806 3255 879 3308 etC.
898 3253 1052 3322 λεγόμενον)
1082 3251 1180 3333 τρόπον

54 3391 58 3397 ,
97 3321 161 3380 ἀνευ
178 3323 278 3411 παντός
294 3322 449 3409 διορισμοῦ
452 3328 499 3378 και
515 3325 681 3410 προςδὴκης.
698 3318 775 3407 ἡμεῖς
791 3322 842 3394 γάρ
858 3318 1061 3407 ἀνθρωπίνως
1058 3318 1177 3386 διαλεγό-

96 3411 172 3461 μενοι
197 3392 327 3479 περὶτῶν
350 3388 506 3479 όπιρτάτων
522 3397 568 3446 καί
595 3387 853 3478 όπερδεροτάτωγ,
857 3411 948 3461 αρχων
976 3408 1026 3444 ουκ
1049 3386 1178 3455 ίσχδομεν

97 3462 188 3522 άλλως
207 3459 269 3516 οὔτε
282 3457 447 3549 ένγορῖν,”
413 3480 475 3548 ovr9
490 3458 629 3550 ὀνομάζειν
645 3481 663 3530 η
677 3479 762 3522 ουτως
780 3480 816 3522 ως
833 3457 1044 3542 ἀναγκαζόμεθα
1056 3459 1178 3544 χρὴσθαι

97 3538 155 3590 τοῖς
173 3524 316 3614 λόγοις,
300 3535 383 3615 υπὲρ
383 3529 434 3584 τών
450 3527 488 3594 είς
505 3531 539 3584 τά
556 3529 679 3586 ἐπέκεινα
692 3527 854 3596 ἀνεχόντων,
873 3529 922 3582 τοῦ
937 3527 1036 3588 παντός
1052 3546 1098 3581 και
1093 3527 1178 3609 ζωης

95 3603 142 3654 καί
160 3594 254 3661 οῦσίας
269 3599 444 3684 πραγμάτων.
492 3599 583 3684 Yoc'9vv
597 3619 644 3653 και
660 3596 927 3684 παραλλάττομεν
896 3617 942 3666 της
965 3591 1129 3679 ἀληθειας
1116 3593 1180 3647 exei-

97 3688 160 3755 νης,
188 3671 235 3722 καί
237 3669 471 3750 παραφερόμεδα
497 3668 565 3752 πρός
587 3669 633 3724 τά
643 3668 715 3722 κάτω
738 3668 848 3756 μεριστά
871 3665 1122 3751 συγκατασπώμενοι
1146 3681 1177 3745 τγγ

95 3736 200 3823 ἀνάγκη
217 3735 262 3822 τὴς
270 3737 479 3823 μικροπρεποῦς
494 3733 571 3820 9999
586 3734 727 3798 ου’δενειάς.
770 3733 838 3790 Ἀλλ’
856 3733 880 3788 εί
897 3736 945 3788 καὶ
962 3729 1047 3794 οῦτως
1051 3731 1120 3822 έχεη
1142 3751 1176 3790 ως

95 3807 153 3874 ἔχει
169 3806 237 3860 κατά
257 3801 424 3886 ἀλὴδειαν
408 3827 424 3874 η
441 3806 537 3892 ρόσης,
556 3803 631 3873 ὅμως
648 3801 805 3890 ἀνάγομεν
797 3804 836 3866 είς
851 3801 932 3890 αῦτην
929 3803 1098 3896 σαγηνείας
1102 3803 1178 3856 ἕνεκα
1261 3813 1269 3820 “

95 3879 142 3958 καί
161 3891 262 3942 συμμετ
278 3897 323 3936 ιας
340 3896 386 3944 της
404 3875 472 3964 πρός
489 3871 653 3966 ἀνθρώπους
676 3893 708 3928 τα
726 3875 872 3952 σεμνότατα
888 3871 936 3926 ἀπ’
955 3891 1036 3956 αυτης
1053 3890 1099 3924 και
1115 3865 1179 3934 μεθ

92 3938 178 4026 αῦτὴν
194 3877 398 4029 προιλδόντων,
418 3943 477 4028 09'09
492 3962 522 3998 το
545 3965 591 4012 εν,
615 3964 647 4028 τα
665 3925 772 4010 πολλά,
803 3944 835 3996 τά
852 3943 952 4005 πάντα,
982 3939 1012 3993 τό
1029 3941 1129 4017 πέρας,
1148 3937 1180 3990 τό

96 4011 222 4098 ἀπειρογ,
241 4013 271 4067 τό
288 4013 395 4099 μικτόν,
415 4013 459 4068 τόν
477 4015 594 4094 πατέρα,
613 4032 660 4082 την
676 4013 814 4094 δύναμιν,
827 4010 872 4065 τόν
888 4007 962 4074 νοῦν,
992 4005 1046 4062 ὅσα
1063 4025 1090 4059 τε
1105 4002 1178 4060 ἄλλα

94 4084 307 4178 τοιουτότροπα·
334 4087 380 4138 καί
405 4081 437 4152 δὴ
462 4085 508 4140 καί
529 4081 577 4136 τοῦ
595 4083 770 4153 διωρισμένου,
786 4100 815 4136 το
809 4079 958 4140 παντελες
982 4080 1028 4132 καὶ
1046 4073 1180 4134 παντελῶς
