2770 4840
240 295 306 358 ¹82
943 345 947 373 ,

173 523 177 530 -
236 472 327 544 ἐαυτό
348 471 407 560 πρό
427 476 549 538 πάντων
570 474 620 536 καί
642 477 703 537 τῶν
727 476 888 538 συνθέτων
910 477 961 538 καί
982 477 1043 538 τῶν
1071 473 1179 537 ἁπλῶν
1201 476 1253 538 καί
1275 479 1336 538 τῶν

237 582 362 651 πολλῶν
382 609 416 662 γε
437 587 489 647 καί
509 585 567 645 τοῦ
588 581 823 665 άντιτιθεμένου
844 577 970 654 τούτοις
990 578 1066 656 ένός.

316 691 399 761 Ἀλλ’
420 686 524 776 ἐπειδὴ
546 693 607 754 τῶν
627 689 779 755 τοιούτων
801 689 984 775 ὑπερβολῶν
1005 687 1150 772 οὐδεμίαν
1164 689 1206 768 ¹⁰)
1231 693 1338 776 έγομεν

238 805 356 870 ἐννοιαν
376 801 646 884 προχειρίσασθαι,
674 796 841 882 ἀγαπῶμεν
860 796 915 881 ἄρ’
932 789 973 863 ῶν
996 801 1100 884 έγομεν
1121 798 1340 864 ἐνδείκνυσθαί

236 937 269 976 τι
290 909 360 989 περί
381 909 501 974 ἐκείνων
521 903 734 984 ἀναγκάζοντες
753 910 796 992 τῶ
818 905 899 991 λόγῳ
919 903 1067 989 πρότερον
1095 905 1275 991 άτιμότερσν
1297 909 1340 973 εί-

239 1043 290 1084 νοι
309 995 523 1096 ταῦτα,ῶπερ
545 1017 705 1097 ἐννοοῦμεν
725 1010 803 1098 πρός
824 1009 880 1088 τάς
901 1016 1022 1080 ἐκείνων
1042 1018 1102 1078 τῶν
1123 1013 1340 1100 πρεςβυτάτων

239 1125 339 1214 ἀργῶν
362 1123 596 1205 ὑπονοουμένων
617 1122 775 1207 αὐταρκετς
795 1126 911 1197 θέσεις.

322 1238 362 1301 El
392 1237 495 1298 τοίνυν
520 1229 641 1298 ίιπλούν
670 1235 735 1296 ε’στι
759 1227 796 1296 τό
819 1236 870 1309 έν,
900 1228 970 1295 ἀλλ’
992 1230 1032 1306 ῶς
1053 1234 1086 1296 ἐν
1107 1235 1206 1314 γένεσι
1226 1235 1280 1298 καί
1303 1232 1344 1307 ῶς

241 1345 273 1406 ἐν
303 1338 396 1405 εἴδεσι
417 1340 470 1403 καί
496 1335 573 1404 κατά
594 1333 648 1418 τὴν
669 1337 807 1424 ἰδιότητα
826 1338 919 1423 μόνην
942 1338 983 1413 ῶς
1003 1336 1181 1430 ᾇγαθόντὴ
1203 1340 1344 1428 είδοτητι

163 1471 222 1526 μσς.
242 1445 277 1512 τό
307 1446 387 1524 εἶδος
414 1448 466 1512 καί
490 1445 584 1514 καλόν
613 1446 665 1512 καί
695 1449 755 1510 τῶν
775 1445 876 1512 ἄλλων
897 1447 1019 1514 ὁτιοῦν·
1047 1442 1126 1517 οῶτω
1150 1447 1211 1532 γάρ
1233 1452 1289 1517 καί
1313 1459 1344 1517 ἐν

169 1533 225 1581 ¹⁰4¹
244 1556 295 1621 καί
314 1555 469 1639 ἡνωμένον
489 1555 542 1622 καί
563 1551 605 1620 όν,

320 1659 529 1748 Ἐπιστὴσειεν
556 1661 585 1726 δ’
612 1659 651 1730 όίν
671 1688 717 1737 τις
737 1659 856 1748 μὴποτε
876 1661 912 1726 τό
937 1662 1092 1746 ἡνωμένον
1113 1661 1192 1729 ἴδιόν
1212 1672 1247 1730 τί
1276 1671 1342 1732 ἐστι

246 1769 328 1857 παρά
347 1769 384 1837 τό
399 1769 473 1838 ”ον·
494 1775 627 1857 μετέχειν
648 1769 743 1836 αὐτοῦ
765 1772 817 1835 καί
837 1766 870 1836 τό
894 1768 930 1836 όν
943 1767 1076 1854 μάλιστα
1097 1773 1228 1851 πάντων,
1253 1780 1282 1838 εἰ
1305 1774 1346 1860 μὴ

245 1879 305 1961 άρα
333 1879 353 1965 ἡ
378 1882 502 1963 μέθεξις
529 1882 587 1945 τοῦ
612 1877 677 1954 ἐνὸς
697 1890 782 1944 ποιεί
800 1877 837 1943 τό
856 1878 1024 1963 ἡνωμένον,
1053 1880 1093 1956 ῶς
1113 1882 1173 1945 τοῦ
1196 1881 1350 1968 πλήθους

247 1986 282 2054 τό
302 1987 570 2073 πεπληθυσμένονι
607 1993 649 2052 Εί
674 1986 729 2070 μὲν
750 1975 936 2064 οὖντοῦτο,
965 1989 1090 2071 πρῶτον
1119 1985 1159 2054 άν
1179 1991 1226 2074 εἴη
1250 1991 1287 2058 τό
1314 1991 1351 2056 όν

246 2101 368 2180 μετέχον
395 2094 518 2162 πολλῶν
547 2093 597 2161 καί
623 2092 690 2170 ἑνός
719 2097 770 2160 καί
790 2093 925 2178 μάλιστά
947 2121 980 2180 γε
1000 2090 1077 2172 ἑνός.
1118 2103 1159 2164 m
1180 2096 1217 2162 δέ
1241 2105 1352 2166 ποθεν

248 2203 369 2292 άργεται
396 2207 446 2269 καί
479 2200 511 2268 τό
536 2202 656 2287 μικτὸν,
690 2206 742 2269 καί
768 2207 833 2268 ἐστι
854 2230 900 2278 τις
926 2195 1054 2289 ι’ίπαρξις
1074 2206 1218 2291 τοιαύτη,
1242 2206 1283 2272 δι’
1310 2206 1352 2294 ἡν

248 2318 310 2378 πᾶν
336 2312 417 2388 εἶδος
436 2309 557 2397 μικτόν,
580 2314 628 2398 εἴη
650 2309 686 2376 άν
707 2339 737 2376 τι
754 2313 806 2376 καὶ
825 2309 862 2377 τό
884 2312 1038 2398 ἡνωμένον
1059 2311 1151 2394 ἴδιον,
1173 2315 1193 2398 ἡ
1214 2319 1279 2381 tou·
1298 2347 1353 2401 μι-

249 2425 323 2488 κτοῦ
350 2419 465 2486 τούτου
495 2414 630 2506 ἀκρότης.
673 2425 750 2496 Πῶς
777 2420 811 2485 δὲ
833 2419 889 2485 ούκ
917 2418 954 2486 ῶν
975 2422 1023 2505 εἴη
1045 2417 1080 2487 τό
1101 2419 1209 2506 μικτόν
1230 2425 1355 2506 ἅπλῶς,

250 2531 333 2612 είπερ
354 2527 392 2593 τά
414 2529 481 2594 τινά
498 2531 540 2606 ¹¹)
561 2528 653 2613 μικεά
673 2531 764 2604 ἐστιν,
788 2529 852 2594 οίσν
874 2526 1049 2613 ἅνθρωπος,
1068 2536 1164 2606 ἵππος
1185 2535 1237 2598 καί
1260 2537 1355 2616 ζῶον,

229 2631 329 2711 Ιὅλως
352 2638 403 2703 καί
432 2636 520 2706 οὐσία
544 2637 564 2724 ἡ
585 2635 675 2721 μικτὴ
702 2641 735 2702 ἐκ
755 2641 815 2702 τῶν
845 2643 937 2722 γενῶν
958 2641 1009 2703 καί
1029 2638 1173 2704 καθόλου
1194 2643 1298 2723 φάναι
1322 2644 1357 2710 τό

249 2744 401 2812 σύνθετον
429 2743 522 2821 εἶδος,
558 2744 612 2828 ἀφ’
642 2736 677 2810 οὗ
703 2755 769 2822 τοῖς
796 2741 900 2820 ἄλλοις
927 2745 961 2810 τό
982 2745 1065 2812 είναι
1086 2751 1268 2824 συνθέτοις·
1302 2757 1357 2820 καί

250 2853 343 2937 λέγων
369 2854 473 2937 μικτὸν
501 2857 553 2922 καί
582 2850 734 2920 σύνθετον
761 2850 838 2921 κατά
864 2849 921 2939 τὴν
948 2851 1088 2939 ἰδιότητα
1116 2859 1175 2920 τού
1201 2855 1314 2936 εἴδους
1336 2859 1356 2945 ἡ

249 2964 304 3026 τοῦ
324 2967 431 3041 γένους
448 2957 503 3043 τὴν
524 2961 637 3046 έιπλῖγν,
659 2955 727 3046 ἡτις
747 2959 783 3026 άν
804 2961 929 3027 καλοῖτο
949 2959 1134 3048 μικτότης
1153 2961 1355 3053 άντικειμένη

248 3073 285 3159 τῇ
307 3065 465 3154 ἁπλότητι.
494 3072 575 3156 Περί
593 3068 648 3153 μὲν
659 3070 701 3150 ¹²)
724 3066 762 3153 δὴ
784 3065 905 3136 τούτων
926 3074 969 3145 εἷς
990 3075 1097 3146 αὖθις.

156 3181 259 3264 *Capu
327 3175 402 3244 Ἐπ’
429 3171 523 3266 άργὴν
550 3176 584 3240 δὲ
613 3169 701 3259 μόλις
725 3173 947 3260 ἀναδραμόντες
976 3179 1105 3261 εἴπωμεν
1125 3175 1200 3264 πρός
1220 3179 1309 3266 ἡμᾶς
1327 3189 1356 3267 ¹)

171 3259 223 3324 ῦὸ·
250 3281 383 3363 αύτούς,
412 3279 459 3349 ότι
487 3285 540 3367 μὲν
567 3280 645 3352 κατά
675 3281 711 3362 τό
734 3281 887 3372 όναρὌν
905 3289 970 3352 ἐστι
996 3284 1031 3352 τό
1054 3290 1183 3354 ἑκάστου
1204 3291 1357 3378 ἐνεργείᾳ,

251 3393 336 3461 καθό
367 3393 403 3460 οὐ
423 3393 458 3462 τὸ
485 3391 517 3458 ’όν
537 3396 629 3477 μόνον
650 3392 732 3460 άλλά
753 3397 804 3478 καί
825 3401 953 3490 ἕκαστον
972 3400 1038 3463 τῶν
1055 3395 1157 3462 άλλων
1180 3395 1233 3480 ἐν,
1264 3399 1288 3484 ἦ
1315 3411 1358 3468 κί-

251 3529 336 3590 νησις
358 3506 407 3570 καί
429 3503 449 3586 ἡ
472 3500 577 3578 στάσις
598 3495 616 3586 ἡ
638 3499 763 3576 στάσις·
787 3503 878 3569 οὐσία
901 3501 957 3590 γάρ
975 3503 1083 3590 ἑκάστη
1104 3507 1237 3585 τούτοιν,
1274 3511 1358 3596 πρὸς

251 3611 287 3693 ’ἡν
319 3613 450 3695 ἐνέργεια
477 3610 596 3689 λέγεται
623 3611 673 3676 καί
700 3608 844 3695 δύναμις,
874 3607 896 3693 ἡ
918 3611 947 3691 ²)
976 3609 1039 3676 άπό
1068 3611 1174 3687 οὐσίας
1210 3615 1357 3700 ἑκατέρα,

252 3723 303 3787 καί
323 3709 339 3782 ό
361 3723 443 3786 ἐστιν
464 3723 605 3796 ἕκαστον,
627 3721 760 3802 ἐνέργεια
781 3703 930 3789 τάλανθ’
953 3710 1146 3805 ῶπαρξιντὴν
1166 3719 1248 3808 ἡδη·
1272 3725 1358 3810 πρός

306 3901 352 3962 ιο)
372 3897 446 3948 Mon.
463 3897 603 3966 μηδεμίαν.
636 3926 667 3936 -
712 3903 755 3962 ιι)
775 3900 844 3968 ελπτρ
864 3918 922 3951 τινα
939 3920 967 3969 μ.
997 3901 1031 3940 -’
1080 3900 1266 3971 ἰκ)11ερίδτ“γ
1287 3905 1359 3958 voi-

255 3985 302 4019 των
320 3972 367 4036 μὲν
385 3969 444 4019 εἵσω
463 3969 506 4016 καί
520 3963 614 4040 αὖθις.

324 4063 350 4126 ι)
371 4059 444 4112 Mon.
462 4057 531 4127 ἡμᾶς
549 4079 601 4112 om.
622 4074 681 4113 mox
698 4063 810 4132 ἐνέργεια
828 4073 952 4131 uterquc.

323 4183 385 4252 ηε
407 4184 478 4237 μοι.
499 4141 515 4249 ἔ,
535 4179 572 4232 σε
594 4179 691 4234 οισι.
