2824 4838
1076 289 1154 343 x111

2 445 3 524 J
65 453 143 558 ejus
164 453 349 556 posterior
369 455 429 530 sit.
462 455 693 558 Quamquam
709 457 900 536 Moreiiius
915 461 985 536 vir
1004 461 1152 538 Bootis

62 582 178 656 simus
209 589 330 677 negat.
370 579 570 680 Utcunque
603 592 675 673 ant,
707 582 809 655 locus
825 624 830 638 ι
844 587 928 680 περὶ
961 583 1153 680 μεθέξεως

8 761 10 768 .
62 713 96 775 at
120 701 301 799 deinceps
332 702 453 794 locus,
490 725 562 799 quo
588 704 634 778 ad
655 703 790 801 gradus
821 727 944 778 rerum
977 704 1153 804 intelligi-

62 825 191 898 bilium
230 822 457 928 Damascins
476 849 691 924 progressus
730 835 807 918 est,
844 827 1041 902 intercidit.
1093 826 1152 900 De

61 948 126 1022 hac
150 971 197 1022 re
220 947 337 1021 lector
359 945 528 1021 eruditus
554 943 755 1046 judicabit,
788 949 934 1045 quando
965 949 1025 1026 hio
1059 949 1152 1024 liber
1220 999 1222 1008 ‚

60 1068 184 1143 editus
210 1067 300 1158 erit,
333 1066 432 1164 quod
456 1091 543 1144 mox
575 1067 658 1142 fieri
690 1092 797 1167 posse
826 1093 950 1170 sporo.
1002 1071 1153 1147 Lacuna

61 1192 172 1289 paulo
210 1199 297 1265 ante
329 1202 527 1265 memorata
560 1190 791 1288 aliquatenus
826 1193 991 1289 suppleri
1028 1201 1154 1292 potest

61 1337 106 1387 ex
138 1313 289 1386 Procli
315 1319 456 1408 septem
486 1312 527 1386 in
557 1309 724 1388 Platonis
754 1311 1010 1388 Parmenidem
1041 1312 1155 1406 libris,

60 1457 151 1532 quos
178 1429 400 1508 Damascius
431 1441 572 1525 noster,
608 1434 715 1508 utin
740 1433 927 1508 nonnullis
957 1432 1154 1512 (indicibus

59 1551 326 1652 manuscriptis
349 1553 584 1646 observatur,
620 1553 802 1630 adfinem
837 1554 1025 1653 perduxit.
1074 1555 1153 1630 Hic

59 1701 146 1751 vero
185 1677 228 1750 in
268 1673 526 1751 Parmenidem
559 1663 848 1758 commentarius
883 1674 1088 1770 Damasoii,
1120 1678 1152 1752 si

60 1800 117 1874 iic
142 1808 226 1891 est,
260 1799 325 1896 qui
358 1796 484 1872 Procli
513 1821 608 1896 opus
632 1785 889 1897 imperfectum
913 1799 1154 1891 continuavit,

61 1924 103 1995 ab
127 1921 317 2020 ἀπορίαις
341 1924 412 1994 καὶ
444 1919 598 1994 λύσεσιν
630 1919 670 1994 in
702 1919 868 1996 Platonis
898 1919 1154 1996 Parmenidem

61 2053 136 2117 toto
164 2067 305 2143 genero
329 2043 498 2118 diversus
522 2042 634 2142 est0).

126 2213 161 2284 8)
181 2213 285 2267 Suidas
304 2231 326 2277 a
345 2229 371 2265 ν.
391 2209 604 2278 Δαμάσνιος
621 2213 714 2282 piures
733 2215 760 2266 in
778 2215 920 2269 Platonem
936 2214 1153 2267 Commentarios

59 2289 188 2338 nostrum
206 2283 348 2351 scripsisse
366 2287 496 2334 testatur:
515 2277 699 2351 ,ὑπομνήματα
722 2285 760 2344 είς
783 2285 926 2337 Πλάτωνα.
962 2283 1153 2348 „Conmenta-

59 2353 134 2406 rium
152 2353 186 2404 in
204 2351 396 2406 Parmenidem
419 2350 518 2404 habuit
540 2351 610 2404 olim
632 2351 808 2406 Bibliotheca
833 2353 875 2406 (tl.
899 2351 959 2405 Viri
977 2353 1103 2406 Hurtado
1120 2353 1153 2405 de

59 2422 201 2476 flendose
221 2437 266 2474 nu.
291 2419 442 2474 exuvias
460 2421 637 2488 inscriptum:
659 2422 866 2476 Damascius
900 2423 940 2474 De
963 2423 1061 2490 primis
1078 2422 1154 2489 priu-

59 2493 142 2560 cipiis
161 2491 196 2543 iu
213 2490 421 2556 Parmenidem3
444 2490 474 2542 iu
492 2506 546 2556 quo
569 2489 654 2545 titulo
677 2493 876 2559 conjunctionis
898 2492 947 2544 ΕΤ
971 2494 1155 2559 pretermissas

58 2558 1155 2697 iniit*iiiiiiiiiitiiitiniitii'iittuibttixttti

59 2700 198 2752 volumen
221 2704 376 2766 compactus
399 2702 487 2752 exstat
509 2698 592 2750 Ιιοσίο
615 2699 736 2752 venetiis
760 2700 788 2751 in
807 2701 900 2752 uruca
917 2699 949 2762 D.
968 2699 1056 2752 Marci
1079 2700 1155 2752 Bibl.

59 2769 146 2820 coda.
178 2765 233 2819 2⁴5
257 2776 285 2820 et
306 2765 386 2820 2465‘
421 2766 463 2819 Gi.
489 2766 603 2820 Marcili
630 2769 650 2820 i.
674 2769 694 2821 1.
731 2769 784 2821 Sed
812 2765 837 2827 si
866 2770 1083 2822 Commentarius
1105 2769 1156 2821 illo
1182 2807 1185 2824 ,

61 2839 89 2890 iu
120 2835 316 2890 Parmenidom
346 2835 543 2888 Mendoaianus
576 2837 649 2889 idem
679 2846 870 2908 argumentum
902 2840 1037 2903 continet,
1074 2844 1156 2906 atque

59 2913 154 3027 πατὴρ
181 2905 286 2969 Coelen
313 2922 374 2959 men
397 2903 508 2972 quidem
535 2906 682 2967 sententie,
707 2908 821 2960 minime
845 2925 861 2961 a
887 2909 960 2960 iiioro
983 2911 1041 2975 περὶ
1066 2903 1157 2974 οίρχών

64 2976 134 3028 dissi
155 2981 199 3028 et.
688 3019 692 3026 .

96 3069 99 3073 ·
133 3043 232 3096 Procli
250 3043 467 3098 Commentarius
485 3044 514 3097 in
532 3043 658 3097 Platonis
673 3043 866 3099 Parmenidem
884 3047 990 3099 duobus
1007 3044 1156 3097 (lodicibus

58 3113 112 3166 No.
130 3114 172 3164 X!
193 3121 230 3164 et'
243 3112 363 3164 GDXXV
387 3113 566 3166 Bibliothecae
590 3114 695 3166 Monac.
720 3122 816 3168 exstat.
860 3117 921 3183 ipsa
945 3114 1156 3184 argumentandi

58 3191 87 3236 ct
105 3181 310 3249 interpretandi
327 3183 398 3235 ratio
415 3189 564 3259 monstrat,
591 3199 644 3235 nau
661 3185 697 3236 ab
719 3202 772 3237 uno
790 3186 939 3256 eodemque
963 3191 1051 3237 totum
1077 3184 1156 3236 Com-

59 3252 237 3306 mentarium
254 3251 384 3317 scriptum
401 3269 475 3315 esse,
494 3253 540 3304 sesi
558 3268 592 3305 au
610 3252 770 3307 Damascius
788 3255 886 3317 inerit,
910 3255 959 3321 qni
984 3269 1046 3306 curn
1065 3254 1157 3306 absai-

61 3327 155 3386 rerat,
183 3319 306 3372 dubitari
324 3319 399 3372 licet.
435 3320 596 3388 speciminis
613 3323 675 3375 loco
693 3323 806 3376 initium
823 3321 1005 3391 Expositiunis
1023 3339 1040 3374 a
1057 3322 1157 3375 Dama-

59 3393 135 3455 scio‚
156 3395 195 3443 ut
212 3391 305 3454 ajunt,
322 3395 477 3457 susceptae,
494 3391 546 3443 hoc
565 3392 626 3443 luco
644 3392 722 3444 addo.

127 3457 227 3526 „Uoco
245 3457 276 3526 δή
292 3457 323 3515 ἐξ
338 3455 438 3527 ἀρχῆς,
456 3459 484 3512 ἓν
502 3457 526 3510 τί
542 3459 626 3526 ἔστιν,
645 3453 699 3529 ἆρα
718 3459 816 3514 οἷόντε
818 3496 1030 3517 ...........
1049 3457 1156 3512 ἐπειδᾶν

63 3549 99 3590 τις
118 3527 281 3594 συλλήβδην
297 3528 372 3595 εἴπῃ,
396 3523 437 3580 ὅτι
456 3527 484 3579 ἓν
499 3527 589 3583 ἕστι.“
618 3527 706 3598 (Plau.
731 3531 823 3584 Parus.
841 3549 869 3599 p.
889 3530 939 3584 142
958 3532 990 3582 B.
1007 3529 1039 3581 G.
1057 3529 1153 3598 ltapir.

60 3604 83 3664 ς.
107 3596 146 3651 32
175 3595 294 3661 fleiud.)
336 3593 451 3663 Ἀμφοτί
467 3600 539 3649 ωθεν
561 3596 691 3666 ἐπιχειρεῖ
711 3594 726 3650 ὁ
752 3601 981 3669 Παρμενίδης
1011 3601 1084 3669 (περὶ
1109 3594 1158 3649 τοῦ

3 3729 4 3734 ρ
62 3668 120 3728 ι’νός
151 3664 255 3718 inserit
276 3663 341 3717 Gari.
359 3665 393 3716 Β.
463 3667 477 3734 )
501 3667 601 3728 δεικνύς
628 3667 673 3735 τήν
698 3667 810 3734 δύναμιν
835 3669 882 3737 τῆς
906 3666 1083 3735 διαλεκτικῆς·
1112 3661 1158 3732 ἆρ-

3 3735 4 3739 ’
62 3755 138 3802 peras
158 3737 193 3785 δὲ
210 3731 266 3786 uino*
283 3733 330 3785 τοῦ
347 3731 473 3799 ἐσχάτου.
500 3732 772 3805 Ἐπανικιφαλαιιίθη
792 3737 844 3805 γάρ
862 3736 892 3790 ἐκ
911 3737 960 3790 τῶν
986 3733 1157 3804 ἐπιχειρημά-

63 3825 126 3869 των,
148 3798 194 3856 ὅτι
214 3797 308 3862 οὐσίας
325 3799 358 3854 ου’
377 3803 497 3869 μετέχει,
521 3807 567 3856 καὶ
595 3802 673 3856 οὐδέν
695 3804 750 3858 ἐστι
781 3807 810 3857 τὸ
832 3807 875 3872 ἓν,
904 3803 940 3866 νίς
962 3805 1000 3876 τῷ
1021 3806 1092 3873 λόγῳ
1117 3821 1158 3855 πι-

62 3875 173 3925 στεύειν.
210 3869 294 3924 Τοῦτο
312 3870 363 3939 γάρ
380 3867 436 3923 ἐστι
452 3871 483 3924 τὸ
500 3873 668 3940 maimaitun,
685 3871 751 3927 ὅθεν
768 3866 853 3935 αὖθις
870 3872 954 3928 αὐτοῦ
967 3875 1157 3938 συσταθέντος,

63 3941 102 3994 ὅτι
120 3939 223 4001 ου’σίας
240 3940 362 4008 μετέχει,
380 3940 456 3994 nanu
472 3941 508 4010 τῷ
525 3941 562 3993 ίνί
585 3941 615 3995 ro'
632 3941 706 3994 ἐστὶ
724 3943 919 4010 consciarum„
937 3943 970 3996 τα
989 3941 1073 3996 λοιποὶ
1090 3940 1160 3994 nurui

4 4007 8 4106 ρ
62 4013 90 4062 τό
114 4009 298 4078 α’ντιστροφον
324 4010 534 4078 συσταθήσεται,
574 4010 654 4064 Πάνυ
682 4015 711 4064 δὲ
733 4015 880 4076 θαυμασία
898 4012 915 4084 η’
932 4012 1110 4080 ἐπιχείρησις·
1130 4008 1160 4061 ro*

63 4083 112 4148 γὰρ
129 4077 192 4133 ἀπὸ
208 4077 260 4130 τῶν
277 4078 427 4130 δοκούντων
446 4080 558 4146 φαύλων
574 4081 746 4148 αροςβαίνιιν
763 4083 846 4151 (Coti.
864 4083 897 4137 B.
916 4082 1088 4148 συμβαιναν)
1105 4085 1161 4136 τοῖς

4 4129 6 4230 i
60 4150 213 4216 μεγίστοις,
234 4146 418 4206 καταλύοντας
436 4148 671 4217 responsiones,
699 4151 745 4201 καί
764 4151 826 4204 λιάν
849 4148 999 4219 ἁρμόδιον,
1027 4150 1161 4206 θέλοντας
