2770 4840
1075 255 1146 337 τεο
1177 223 1179 228 ’

144 428 192 496 Τὸ
224 431 330 512 μέντοι
355 423 538 504 ἐπιστάσεως
563 425 648 508 ἄξιον
668 427 710 514 μη
733 432 835 521 σιωπῇ
853 431 1071 518 παρέίαϊωμεν,
1099 427 1146 500 ότι

57 541 107 604 ἐπὶ
128 537 171 618 ¹¹)
193 536 247 621 μὲν
277 532 414 616 γνώσεως
433 533 621 621 διακέκριται
642 531 680 600 τά
701 533 853 619 ὀνόματα,
874 531 929 602 άτε
948 541 982 603 ἓν
999 538 1146 626 διακρίσει

59 671 116 709 τινι
132 638 287 726 άξιολόγφ
308 643 365 724 της
384 636 523 720 γνώσεως
544 641 734 728 ὑφεστώσης·
760 644 810 708 ἐπὶ
836 641 871 708 δὲ
899 649 958 710 τῶν
987 642 1090 712 άλλων
1110 650 1146 712 οὐ

58 765 170 832 κεῖται,
192 748 272 815 διότι
292 743 395 833 πολλη
409 733 525 814 τούτων
544 749 564 834 η
587 757 691 826 ϊνωσις
703 752 760 816 τοῦ
778 751 888 828 ζεῦντος
899 751 977 838 πρὸς
993 751 1046 838 τὴν
1062 751 1148 839 ζωὴν,

58 864 107 927 καϊ
125 864 173 927 ἔτι
186 860 288 944 μεῖζον
307 854 347 932 ώς
367 857 427 922 τοῦ
448 855 631 941 οῦσιωμένου
651 854 728 941 πρός
749 857 868 939 οὐσίαν,
891 859 1015 946 καθ’ϊγν
1037 861 1146 928 οῦσίω-

57 996 125 1047 ται,
146 965 166 1049 ἢ
186 962 263 1048 πρός
283 959 322 1048 ἣν
341 967 552 1046 ἐπιστρέφεται
572 965 637 1029 κατ’
660 963 786 1032 οῦοίαν·
809 965 859 1032 διό
879 970 930 1034 καί
949 967 970 1053 ἡ
989 968 1043 1052 μὲν
1069 975 1148 1056 γνῦι·

58 1103 103 1152 σις
124 1077 259 1159 ἐνέργεια
279 1099 311 1138 τι
331 1072 383 1138 καί
403 1068 525 1147 πάθοςτ
552 1075 702 1158 γιγνώσκω
723 1073 781 1161 γάρ
808 1101 842 1140 σε
869 1077 921 1142 καί
948 1078 1148 1163 γιγνώσκομαι

57 1181 119 1248 ὑπὸ
142 1185 199 1248 σοῦ
219 1197 331 1264 φαμεν·
362 1177 400 1246 τό
427 1177 462 1244 δὲ
492 1181 540 1257 ζώ
573 1180 626 1244 καί
655 1181 746 1263 εἰμὶ,
776 1179 918 1266 οὐδέτερα
939 1183 1075 1270 λέγεται,
1096 1187 1167 1251 καὶΙ

55 1289 117 1358 ῦπδ
138 1294 202 1356 τῶν
222 1291 435 1375 γραμματικῶν
455 1287 494 1364 ὡς
515 1291 546 1353 ἓν
565 1284 733 1354 ὑποστάσει
753 1289 960 1375 θεωρούμενα.
1010 1291 1101 1378 Πλὴν
1120 1299 1148 1361 εἰ

53 1399 94 1484 μη
119 1391 290 1484 προςλάβοι
309 1392 345 1459 τὸ
366 1406 463 1460 ποιεῖν
484 1397 535 1460 κυί-
555 1399 736 1462 ποιεϊοδαι·
761 1392 800 1463 τό
821 1397 855 1462 δὲ
876 1399 943 1464 κατ’
967 1397 1048 1467 αῦτίι
1066 1407 1147 1482 γίνε-

54 1507 147 1593 ταιὴ
169 1499 351 1590 μετάβασις,
373 1503 436 1568 οῖον
458 1506 596 1582 ζωοποιῦ
617 1505 669 1570 καί
690 1507 903 1590 ζωοποιοῦμαι.

138 1611 228 1697 Πρὸς
248 1618 352 1679 τοίνυν
371 1609 411 1677 τὸ
430 1615 557 1690 τρίτον
576 1615 721 1698 ἐροῦμεν,
751 1613 791 1690 ὥς
811 1613 914 1680 δίττον
936 1615 955 1700 ἢ
977 1613 1147 1700 πρόοδος,
1160 1629 1233 1711 Cap.

55 1723 73 1810 ἡ
98 1721 156 1807 μὲν
180 1725 236 1787 τοῦ
262 1717 472 1804 προελθόντος
487 1721 532 1802 ¹),
553 1716 593 1804 ἣν
620 1718 681 1786 ἴδοι
710 1717 747 1785 άν
772 1747 818 1796 τις
845 1727 946 1809 τρίτην
973 1721 1013 1800 ὡς
1041 1722 1148 1810 γιγιώ-
1179 1724 1230 1784 84.

56 1855 186 1906 σκοντος
206 1823 269 1894 eino*
292 1829 347 1892 τοῦ
369 1813 502 1911 γνωστοῦ
522 1827 696 1912 προϊόντος,
723 1826 763 1904 ὡς
784 1828 894 1906 ζῶντος
922 1827 986 1896 ῦπό
1015 1831 1149 1918 ζωηςῄί

56 1947 110 2009 τοῦ
133 1945 238 2006 αἰτίου
258 1938 317 2024 της
337 1938 427 2022 ζωῆς,
448 1936 487 2012 ώς
508 1931 595 2013 όντος
615 1936 675 2004 ιἰπὸ
696 1941 756 2006 τοῦ
786 1940 909 2025 πρώτου
937 1937 1037 2018 ὄντος·
1063 1943 1084 2028 ἡ
1113 1941 1150 2011 δί

56 2054 142 2117 ἐστιν
162 2052 197 2114 όν
216 2050 261 2132 τῷ
290 2047 430 2133 προϊέναι
454 2047 669 2131 θεωρουμένη,
698 2049 773 2137 καθ’
797 2043 835 2131 ἣν
862 2043 958 2132 μόνην
985 2047 1044 2134 τὴν
1070 2050 1149 2138 ζωὴν

55 2159 224 2244 ῦφεστάναι
243 2154 386 2240 λέγομεν·
408 2151 513 2234 ἐπειδὴ
533 2148 646 2237 ταύτης
667 2151 722 2220 οῦκ
741 2152 777 2220 ἂν
795 2156 843 2240 εἴη
863 2153 902 2220 τὰ
916 2162 985 2242 τρία
998 2157 1149 2245 διακεκρι·
1160 2204 1225 2260 pag,

55 2272 151 2351 μένα·
174 2262 244 2328 ἀλλ’
264 2264 347 2348 εἴπερ
367 2257 425 2346 άριι
446 2260 669 2346 διακεκριμένα,
692 2268 744 2327 καί
764 2287 832 2327 τινα
853 2265 983 2347 ἔμφασιν
1008 2266 1149 2352 προβαλ-
1167 2259 1221 2318 ¹4⁶·

56 2370 172 2458 λόμενα
193 2375 247 2456 τῆς
266 2368 344 2454 πρὸς
363 2365 486 2454 άλληλα
507 2367 760 2453 ῦντιδιαιρέσεως,
788 2371 839 2435 ἐπὶ
866 2374 939 2455 γοῦν
966 2377 1023 2460 τῆς
1048 2401 1148 2460 γιγνο-

55 2485 151 2565 μένης
189 2475 296 2554 οὐσίας
330 2473 386 2542 οῦκ
410 2478 474 2541 ἔστι
499 2475 609 2543 διελεῖν
644 2475 708 2543 οὔδ’
739 2475 910 2552 όπωςτιοῦν
938 2479 974 2543 τὸ
1007 2479 1150 2557 οῦσιῶδες

57 2592 110 2657 καί
132 2582 299 2675 γνωστικὸν
316 2586 368 2650 καί
397 2580 532 2662 ζωτικόν.
576 2582 657 2652 Ἐάν
684 2581 745 2670 άρα
773 2582 868 2672 μόνην
894 2585 1006 2675 θεωρῇ
1027 2616 1071 2665 τις
1098 2593 1149 2656 καί
1179 2565 1181 2572 ¹

56 2695 191 2786 ὀνομάζιγ
212 2690 266 2773 τὴν
287 2695 400 2776 ἔρημον
420 2693 536 2756 ἐκείνου
566 2678 768 2772 κατάποσιν,
797 2691 853 2758 οῦκ
874 2689 911 2758 άν
938 2693 1011 2760 οῦδὲ
1035 2695 1149 2781 ταύτην

55 2804 155 2870 διέλοι
174 2803 267 2886 τριχῆ.
308 2804 351 2864 Εἰ
370 2796 404 2864 δὲ
431 2796 526 2880 μονὴν
555 2797 640 2884 λόγου
664 2801 719 2866 τοῦ
745 2798 1010 2887 προεληλυθότος,
1037 2797 1149 2885 όιμεται

57 2912 110 2977 καὶ
133 2905 248 2993 ταύτην
268 2907 354 2992 τριχῆ
374 2903 603 2990 διαιρουμένην·
632 2908 714 2989 μένει
739 2904 798 2992 γάρ
824 2907 841 2974 ὃ
869 2913 939 2983 νοῦς
964 2910 1016 2974 καί
1045 2913 1078 2975 ἐν
1104 2923 1149 2994 τῷ

58 3019 188 3101 γνωστῷ
212 3013 290 3080 κατὰ
317 3012 376 3098 την
401 3017 524 3098 γνῶσιν,
552 3014 605 3078 καὶ
633 3017 664 3078 ἐν
692 3016 730 3102 τῇ
755 3016 814 3103 ζωῇ
843 3015 924 3082 κατά
956 3015 1012 3102 τὴν
1038 3021 1152 3084 ἑαυτοῦ

57 3124 137 3210 ζωὴν
156 3120 180 3206 ἢ
201 3125 234 3188 ἐν
254 3125 294 3206 τῷ
316 3125 401 3206 αἰτίῳ
425 3123 481 3202 τῆς
512 3120 584 3200 ζωῖγς
614 3121 666 3186 καί
693 3123 725 3186 ἓν
755 3124 798 3208 τῷ
829 3119 892 3189 δντι
919 3124 996 3190 κατὰ
1024 3123 1080 3210 τὴν
1105 3125 1146 3212 μη

56 3228 160 3315 πάντη
179 3228 239 3294 ἀπό
261 3231 318 3295 τοῦ
340 3226 425 3303 ὄντος
447 3233 601 3308 ἔκστασιν,
619 3228 659 3305 ὡς
679 3231 711 3294 ἒν
731 3229 943 3318 τοϊςπρόςδεν
958 3231 1098 3317 ἐλέγομεν
1111 3236 1147 3316 ²).

133 3335 234 3406 Ὥστε
255 3335 404 3422 καὶπρὸς
425 3335 462 3402 τό
483 3334 658 3420 δεῦτερον
685 3336 746 3406 ῦπὸ
776 3336 894 3408 τοῦτον
921 3336 1027 3430 ῥᾴδιόν
1052 3369 1084 3408 τι
1103 3349 1148 3409 el-

56 3460 150 3529 πεϊν,·
172 3446 214 3522 ώς
232 3448 288 3510 τοῦ
307 3441 516 3527 προελθόντος
545 3445 628 3512 ἐστίν
648 3445 669 3530 η’
690 3445 859 3535 ἐπιστροφή
869 3468 877 3484 ·
905 3453 996 3516 τοῦτο
1022 3448 1080 3536 γὰρ
1098 3454 1149 3518 καί

56 3556 160 3622 δεῖται
185 3555 239 3640 τῆς
271 3547 421 3618 ἐπανόδου
430 3546 478 3629 ,ὃ
505 3553 556 3616 καί
584 3547 641 3635 τὴν
670 3552 780 3636 ἔφοδον
806 3553 983 3638 ἐποιήσατο·
1016 3553 1088 3624 οῦτε
1115 3555 1149 3624 δὲ

57 3663 95 3730 τὸ
119 3660 245 3749 προϊὸν,
266 3661 349 3744 είπερ
370 3662 415 3725 ἔτι
439 3656 588 3744 πρόεισιν·
618 3655 689 3726 οῦτε
716 3661 823 3747 πολλῷ
849 3662 968 3748 μάλλον
996 3662 1031 3728 τὸ
1058 3665 1149 3747 μόνον

55 3771 122 3855 πρὸ
144 3774 199 3857 της
219 3763 371 3855 προόδου·
393 3769 489 3833 τοῦτο
518 3766 574 3852 γὰρ
602 3766 671 3835 οῦδὲ
699 3767 846 3854 πρόεισιν.
884 3761 962 3858 'Apa
992 3761 1045 3838 οῦν
1070 3767 1148 3858 μόνη

123 3979 168 4041 ιι)
188 3975 264 4030 Mon.
290 3973 378 4026 Verba
397 3971 439 4025 ὅτι
457 3993 478 4024 ε.
495 3993 524 4042 μ.
544 3968 660 4041 γνώσεως
677 3973 776 4028 omisit.
796 3973 868 4028 Idem
886 3973 956 4030 infra
967 3965 1148 4050 γιγνώσκομαι

56 4045 111 4098 ὑπὸ
127 4047 184 4096 τοῦ.
212 4043 327 4112 denique
347 4044 390 4094 καί
408 4045 441 4093 τὸ
458 4046 602 4095 ποιεῖσθαι.

134 4119 159 4180 ι)
180 4113 255 4164 Mon.
275 4109 497 4183 προεληλυθότος.
517 4140 548 4152 --
568 4115 599 4179 2]
617 4111 714 4164 Hamb.
734 4115 849 4179 λέγομεν.
