2824 4838
245 319 288 382 ld

144 479 210 616 ⁰3·
294 539 297 542 -
330 498 408 580 Φέρε
430 483 485 560 οὖν
508 489 542 560 ed
565 489 707 581 δεύτερον
728 491 806 559 αὐτὸ
827 497 916 560 τοῦτο
939 491 1117 578 κατίδωμεν,
1149 485 1231 571 ὅπως
1252 494 1338 580 λέγε·

188 595 194 609 ’
239 631 290 670 ται
310 600 463 687 ἄγνωστον
482 601 559 668 εἶναι
580 600 750 676 παντελῶς·
772 606 800 666 εἰ
820 589 986 687 γάρτοῦτο
1007 599 1135 687 ἀληθὲς
1155 607 1221 680 πῶς
1241 607 1339 672 ταῦτα

239 713 338 776 πάντα
359 707 554 794 περὶαύτοῦ
584 703 816 791 διαταττόμενον
843 705 1013 794 γράφομεν·
1040 707 1077 775 οὗ
1100 705 1156 797 γὰρ
1177 707 1218 795 δή
1247 710 1339 796 λογο-

176 822 178 825 ’
239 822 389 902 ποιοῦμεν
403 819 441 898 ¹),
462 814 563 898 notit
589 818 751 902 ληροῦντας
771 818 842 900 περὶ
857 844 859 850 ·
872 807 912 882 ὧν
939 815 994 882 οὐκ
1015 818 1101 902 ἴσμεν
1114 837 1129 914 ’1
1143 823 1176 912 pl
1200 817 1234 884 dd
1255 821 1341 886 ἔστιν

241 922 427 994 ἀσύντακτον
446 931 489 1011 τῷ
513 923 577 1018 ὄντι
600 922 677 1012 πρὸς
697 921 797 992 πάντα
817 929 867 989 και
894 923 1019 1010 ἄσχετον
1039 922 1117 1010 πρὸς
1143 923 1258 1006 πάντα,
1286 928 1339 992 καὶ

241 1033 330 1100 οὐδὲν
349 1038 410 1099 τῶν
430 1017 551 1101 πάντων
558 1083 567 1113 ,
589 1031 658 1098 οὐδὲ
679 1027 757 1097 αὐτὸ
773 1036 803 1107 2)
824 1028 860 1097 cd
881 1030 928 1110 ἓν,
950 1030 1029 1097 αὐτὰ
1049 1038 1150 1101 ταῦτα
1172 1031 1338 1116 ptionensi-

240 1146 296 1208 τοῦ
317 1146 417 1220 ἔστιν,
449 1139 548 1225 lictis
568 1135 765 1226 γινώσκοντες
785 1137 968 1223 διακείμεθα
989 1142 1041 1206 καὶ
1061 1137 1177 1218 ἄλλους
1197 1139 1343 1208 densete-
1404 1187 1408 1202 .

240 1419 287 1474 sed
306 1418 397 1490 potius
414 1417 571 1490 compilatio
590 1435 621 1470 ex
639 1413 721 1470 seriis
739 1414 874 1468 seriorum
892 1416 1087 1487 interpretum,
1110 1419 1222 1480 maxime
1243 1420 1339 1474 Pleto-

240 1489 378 1552 uicorum,
406 1487 484 1542 etism
508 1486 643 1540 Dsmescii
669 1486 865 1540 commentariis
892 1486 921 1539 in
949 1487 1063 1558 aliquem
1088 1491 1152 1542 setis
1180 1490 1339 1543 inconcinne

242 1559 365 1613 ordinem
386 1557 514 1624 redects3
534 1551 605 1610 cert‘e
625 1566 707 1626 ceput
726 1561 849 1626 quartum
872 1557 951 1608 istius
969 1557 1152 1627 expositionis
1173 1579 1203 1611 ex
1221 1561 1339 1612 Alexan·

241 1628 285 1681 dri
303 1626 452 1696 Aphrodis.
472 1625 576 1678 Comm.
599 1625 627 1676 in
648 1625 760 1677 Aristot.
780 1625 901 1696 Μεσορὴ.
926 1625 946 1679 l.
967 1630 990 1678 λ.
1021 1644 1045 1679 c.
1065 1628 1090 1680 6.
1116 1629 1253 1696 munimem
1273 1645 1337 1698 per-

239 1711 291 1752 tem
309 1695 471 1766 exscriptum
489 1708 550 1762 est;
570 1707 597 1747 et
613 1695 686 1765 typis
705 1711 859 1762 expressum
884 1705 979 1748 cxstct-
993 1696 1020 1748 in
1049 1698 1167 1764 ejusdem
1186 1698 1337 1750 Alexandri

240 1773 357 1838 φυσικοῖς
377 1768 490 1832 σχολίοις
505 1763 625 1835 ἀπορίαις
645 1765 688 1814 καὶ
705 1762 792 1816 λύσεσι
809 1764 829 1817 l.
850 1764 870 1816 l.
890 1783 912 1818 c.
933 1765 964 1816 L.
976 1765 1017 1818 cd.
1039 1767 1106 1820 Ven.
1122 1766 1337 1820 Trincsv.1556.

240 1837 286 1908 qui
304 1835 376 1886 liber
393 1835 427 1885 nb
448 1836 540 1888 nescio
562 1851 617 1904 quo
636 1833 735 1903 partim
761 1851 792 1898 ex
815 1833 903 1886 adhuc
928 1835 1111 1888 exstantibus*
1125 1837 1223 1906 purtim
1241 1855 1273 1888 ex
1291 1836 1339 1888 de·

240 1903 355 1975 perditis
374 1902 521 1956 Alexandri
540 1901 744 1954 Commentariis
766 1918 894 1954 corrasus
914 1915 963 1956 est.
1000 1903 1138 1958 Postremo
1160 1922 1227 1976 pure
1254 1905 1336 1970 hujus

238 1974 335 2044 ospitis
355 1971 417 2026 inde
433 1989 451 2025 α
468 1974 512 2024 καὶ
529 1970 629 2042 μήκοτε
646 1971 679 2023 τὸ
696 1975 744 2040 μὲν
761 1970 844 2037 πάντη
863 1971 1036 2042 ἀσόρῥητοκε
1059 1993 1084 2043 q.
1105 1975 1177 2027 hunc
1196 1975 1259 2026 mihi
1274 1987 1336 2026 sen·

239 2061 297 2102 sum
316 2041 417 2094 hebere
430 2042 552 2094 videtur:
572 2043 607 2094 Et
626 2041 698 2094 haud
716 2042 774 2093 scio
795 2057 827 2092 sn
844 2040 967 2094 funditus
980 2042 1030 2093 Ine
1054 2043 1337 2108 abuleRecondr‘tum-

174 2161 179 2168 .
239 2129 291 2182 que
307 2113 346 2164 its
362 2124 391 2164 ut
411 2112 490 2183 plene
508 2110 575 2162 nihil
593 2110 644 2164 reti
664 2111 696 2161 de
719 2127 752 2163 eo
766 2119 901 2164 teneamus
920 2113 1074 2182 ponendum
1089 2111 1147 2170 sit?
1166 2114 1255 2168 Unum
1271 2130 1336 2168 vero

239 2185 294 2249 its,
320 2192 350 2231 ut
370 2197 475 2232 omnem
494 2179 625 2235 orationis
652 2181 822 2249 nominisque
849 2181 1091 2250 compositionem,
1117 2199 1220 2234 ornnem
1245 2183 1340 2235 itidem

241 2251 436 2305 discretionem
454 2262 581 2320 tanquam
603 2248 792 2320 cognoscendi
809 2266 827 2301 a
843 2249 1030 2320 Cognoscente
1048 2249 1174 2322 effugiet,
1193 2252 1242 2304 sed
1254 2251 1337 2322 spatii

240 2321 344 2384 instar,
362 2331 487 2390 tanquam
506 2319 734 2400 simplicissimum
753 2330 777 2370 et
796 2319 1002 2387 capacissimum
1020 2320 1122 2372 rstione
1140 2320 1272 2391 fingetur,
1292 2340 1339 2373 ne-

163 2406 165 2414 ’
242 2389 397 2462 querolum
413 2407 510 2451 unum,
527 2401 566 2441 uti
584 2388 727 2468 proprium
745 2398 785 2440 est
803 2387 899 2452 Unius,
919 2388 967 2440 sed
984 2401 1110 2459 tunquam
1131 2390 1228 2443 Omnis
1248 2390 1339 2444 Unum

242 2471 269 2513 et
287 2471 347 2511 onte
368 2457 462 2510 Omnis
480 2458 589 2522 Unum,
607 2457 720 2508 minime
732 2473 797 2508 vero
816 2467 952 2527 tamquam
970 2457 1077 2524 Unum,
1105 2459 1183 2529 quod
1202 2479 1234 2512 ex
1251 2462 1339 2530 purni-

239 2517 292 2580 bu's
314 2527 381 2598 quid
403 2545 461 2580 uem
480 2527 516 2582 sit
532 2527 703 2580 informetur.
734 2525 913 2598 Intelligentiu
930 2542 1043 2597 nemque
1062 2541 1158 2581 nostre
1176 2529 1254 2600 qussi
1274 2545 1338 2598 par·

237 2597 358 2650 turiendi
377 2545 523 2653 doloribus
542 2596 676 2669 exagitata
694 2605 830 2668 purgetur
847 2595 897 2648 hec
917 2596 977 2660 vin,
995 2609 1025 2648 ut
1042 2597 1077 2667 ed
1095 2597 1231 2662 sincerum
1246 2598 1337 2654 Unum

239 2678 267 2719 et
285 2665 446 2720 adonicum
464 2685 526 2722 vere
544 2665 662 2720 omnium
680 2663 847 2736 principium
865 2664 995 2717 accedere
1013 2668 1108 2735 possit.
1139 2667 1238 2738 Utique
1257 2665 1336 2736 quod

216 2735 266 2788 ‘in
286 2735 366 2788 nobis
389 2735 493 2789 habitat
511 2736 614 2802 Unum,
644 2735 682 2787 its
708 2733 815 2786 retione
833 2733 943 2800 fictum,
972 2751 1034 2786 cum
1057 2737 1176 2805 propius
1203 2748 1228 2789 et
1254 2735 1336 2788 uobis

239 2803 397 2878 cognatim,
411 2805 450 2860 ,nh
469 2804 518 2864 illo
531 2803 693 2870 (recondito
705 2804 791 2868 ‹Uqu
810 2803 906 2864 mirum
925 2815 1053 2874 quantum
1072 2803 1172 2871 distet,
1202 2805 1335 2876 promtius

239 2887 296 2939 est,
316 2873 393 2946 quod
415 2873 550 2941 ejusmodi
568 2872 721 2944 suspicione
740 2888 926 2944 assequemur.
972 2874 1119 2943 Utcunque
1138 2892 1203 2929 vero
1228 2874 1337 2943 eliquid

239 2943 360 3015 positum
379 2955 440 3008 est,
469 2943 504 2996 sb
523 2961 555 2999 to
574 2943 608 2994 sd
628 2941 738 3012 simplex
758 2939 845 2994 aditus
865 2953 947 3013 patet.
986 2941 1015 2994 Si
1040 2943 1109 2996 adeo
1132 2943 1201 2996 illud
1229 2943 1336 3010 (Unum

238 3030 367 3066 summum
378 3011 627 3082 ‘reconditumquel
646 3013 800 3083 neutiquam
818 3011 978 3084 attingemus
986 3049 994 3074 ,
1018 3023 1092 3064 certe
1107 3029 1139 3065 eo
1152 3013 1242 3078 (Uno)
1258 3011 1338 3081 quod
1407 3071 1408 3076 Ἰ

239 3081 401 3152 simpliciter
418 3083 450 3144 in¹
465 3080 543 3134 nobis
562 3080 677 3146 habitet,
698 3081 798 3147 evecti,
814 3081 847 3132 de
869 3096 902 3132 eo
923 3079 998 3150 quod
1018 3097 1074 3150 prm
1094 3081 1218 3134 omnibus
1237 3098 1336 3150 super-

238 3163 295 3216 est,
316 3151 456 3217 conjicere
474 3150 547 3202 licet.
585 3149 674 3202 Unum
691 3151 782 3221 itaque
802 3150 836 3204 sb
854 3151 943 3202 alters
987 3161 1045 3202 erte
1073 3149 1168 3214 efferi,
1193 3149 1227 3204 eb
1251 3151 1338 3202 elteru

237 3236 294 3274 non
314 3219 387 3274 efferi
413 3236 567 3290 possumus.
604 3218 676 3270 lllud
695 3235 759 3272 vero
779 3248 811 3260 -
830 3235 945 3289 prorsus
964 3167 1145 3272 Reconditum
1165 3219 1336 3272 abstrusum-

237 3308 289 3361 que
308 3317 342 3329 -
360 3289 491 3343 altissimo
507 3289 796 3342 veneremnnnilentin
813 3299 839 3340 et
858 3288 975 3342 omnium
991 3289 1079 3360 primo
1097 3289 1241 3342 cecissimo
1257 3288 1336 3360 igno-

237 3358 325 3414 rsntis
342 3377 446 3412 omnem
465 3357 602 3412 scientium
620 3358 797 3428 despiciente.
822 3387 855 3396 -
877 3357 973 3410 Hamb.
1001 3358 1035 3412 sd
1054 3373 1136 3430 marg.
1159 3359 1186 3411 h.
1206 3357 1227 3412 l.
1246 3358 1335 3412 rubro

237 3429 322 3499 pigm.
344 3418 466 3482 ‘alterum
490 3427 569 3480 elteri
594 3440 619 3480 et
642 3426 724 3480 tertio
749 3427 845 3480 subter
872 3427 1006 3496 scriptum
1030 3426 1131 3483 hebet:
1156 3425 1211 3480 Ἓν
1236 3447 1262 3480 τι
1283 3431 1338 3480 τῶν

237 3497 354 3550 πάντων·
368 3497 421 3550 Ἓν
438 3496 470 3549 τὸ
488 3495 572 3550 πάντα
592 3497 676 3566 ὁμοῖν·
692 3495 748 3548 Ἕν
767 3495 818 3566 πρὸ
835 3496 947 3549 πάντων.
984 3495 1110 3550 Geterum
1128 3497 1229 3549 multus
1248 3508 1288 3550 est
1301 3498 1336 3550 dc

238 3566 354 3637 ἀγνωσία
371 3567 423 3619 Dei
442 3579 468 3620 et
485 3585 572 3620 rerum
592 3565 995 3637 coelestiumPseudodionysius
1009 3566 1145 3640 Areopsg.
1157 3587 1183 3620 v.
1197 3583 1238 3638 gr.
1252 3583 1295 3636 ep.
1312 3585 1336 3620 ι.

239 3637 317 3691 etde
337 3636 398 3691 coel.
418 3637 455 3692 H.
474 3637 595 3708 possim,
613 3636 662 3690 ubi
680 3635 736 3691 vid.
756 3635 888 3688 Maximus
907 3645 934 3688 et
951 3615 1082 3708 Pechym.

309 3801 376 3923 Cep.
397 3802 422 3854 6.
440 3803 503 3854 Ηοσ
525 3802 614 3873 cupite
634 3813 660 3855 et
678 3800 819 3872 deinceps,
831 3811 975 3873 quatenus
995 3798 1241 3854 reconditissimum
1262 3799 1339 3856 illud

238 3883 265 3923 et
283 3871 511 3925 ubsoutissimum
531 3871 709 3942 principium,
734 3872 810 3942 quod
836 3870 926 3924 omniu
946 3883 971 3922 et
990 3887 1072 3922 unum
1097 3881 1124 3922 et
1149 3869 1338 3942 cognitionem

239 3952 381 4012 ceteraque
408 3953 533 4011 superes,
558 3941 725 4012 incognitum
744 3941 799 4006 sit,
825 3957 872 3993 seu
901 3940 1049 4012 cognitioni
1073 3940 1153 4012 qussi
1175 3940 1275 3992 editum
1299 3944 1339 3995 ed

152 4031 155 4040 ’
239 4026 267 4063 sc
287 4027 341 4062 non
362 4011 522 4082 patefaciet,
541 4009 661 4080 inquirit.
1338 4073 1339 4078 ¹

311 4104 338 4170 ι)
358 4102 389 4156 οὐ
406 4123 431 4172 y.
450 4100 482 4170 tt,
500 4104 698 4172 loyonoeoiqesc,
717 4100 755 4154 sic
772 4103 848 4160 Mon.
869 4103 907 4157 At
923 4101 1025 4156 Hsmbi
1040 4099 1072 4156 oti
1089 4123 1114 4174 γ.
1134 4104 1335 4174 δηὶοτιοιοῦμεν.

307 4199 336 4264 ε)
355 4195 452 4250 Hsmb.
474 4193 535 4250 nott
554 4195 586 4248 τὸ
604 4193 669 4250 atet
688 4195 720 4250 rii
739 4193 773 4250 ir.
