2770 4840
1076 243 1152 326 Ιτοι

66 423 214 513 ἧᾶπλῶς
235 423 256 512 ἦ
277 447 347 492 τινα
371 421 498 512 τρόπον,
525 426 576 491 καί
602 421 674 509 ἤτοι
701 423 785 507 αὐτῷ
813 421 946 506 συμφυὲς
973 426 1014 508 τῷ
1043 419 1148 506 ὅντιιῖ

66 542 108 621 τῷ
127 539 172 619 νῷ
192 537 432 619 συνουσιωμένον
454 530 476 620 ἢ
498 529 558 618 ὐπη
579 535 630 598 καί
653 526 742 606 ῦπως.
795 534 905 596 Ταῦτα
925 528 979 615 μὲν
1005 524 1060 615 γίιρ
1081 532 1149 595 ἐπι-

67 639 234 730 ζητήσομεν
260 645 293 708 ἐν
313 647 354 728 τῷ
374 644 443 728 περί
462 644 641 726 μεθέξεως
659 637 740 724 λόγῳ
760 640 857 722 μικροῦ
883 627 1017 722 ῦστερον.
1059 643 1099 702 Εἰ
1120 635 1148 702 δ’
1168 675 1230 730 pag,

65 742 121 816 οὐν
141 779 174 816 τι
199 752 250 815 καί
278 755 421 816 τοιοῦτον
450 753 527 833 ἐνείη
556 751 600 833 τῷ
625 751 669 832 νῷ
694 744 771 812 κατὰ
798 751 889 813 τοῦτο
923 740 1069 830 γνώσεται
1098 748 1150 812 καί
1171 737 1229 789 ¹4²⁸·

63 861 162 924 ε’κεῖνο
183 858 200 920 ὃ
224 861 308 933 νοῦς·
329 861 398 940 μιᾶς
418 854 475 942 γὰρ
495 882 558 932 πως
580 853 676 938 οὐσης
701 859 763 939 τῆςΙ
780 851 909 938 φύσεως,
929 861 985 938 μία
1004 881 1068 930 πως
1097 856 1148 920 καί

64 964 214 1048 ἥγνιῦσις
234 962 332 1047 αὐτῆς
357 961 522 1048 γενήσεται.
575 967 685 1028 Ταῦτα
709 963 762 1045 μὲν
790 958 827 1043 δὴ
855 963 906 1027 καί
932 966 964 1028 έν
992 974 1056 1034 τοῖς
1080 964 1149 1046 περὶ

64 1072 129 1136 τοῦ
151 1073 220 1136 νοῦ
240 1071 298 1138 τοῦ
318 1070 363 1145 ὡς
384 1067 540 1154 ἀληθοῦς
569 1071 634 1135 νοῦ
661 1069 828 1152 μετιέναι
853 1070 1008 1153 ἐλπίζομεν
1029 1066 1147 1154 ἀκριβέ-

63 1204 187 1267 στερον,
208 1170 261 1243 ὐίτε
281 1181 333 1244 καί
354 1173 406 1244 τὸν
425 1179 507 1261 περὶ
526 1179 715 1262 μεθέξεως
736 1181 919 1262 προςθέντες
939 1174 1038 1257 λόγον.

141 1280 234 1350 Ἀλλὰ
254 1280 292 1370 δι’]
314 1281 350 1350 τὸ
366 1279 503 1349 Ἕκτον
531 1283 582 1348 εἰιί
604 1281 722 1359 τούτοις
751 1287 846 1349 έκεῖνο
859 1284 946 1369 Ιἡμῖν
974 1283 1148 1370 προβέβλη-

64 1393 160 1472 τοί),
179 1393 242 1468 πώς
262 1387 370 1458 ἑαυτὸν
388 1391 443 1476 μὲν
464 1390 607 1475 ὐφίστηοι
635 1387 711 1456 κατέ
731 1387 785 1478 τὴν
807 1389 936 1475 οὐσιώδιγ
965 1390 1150 1478 ἐπιστροφὴν

64 1497 142 1586 πρὸς
162 1501 285 1580 έαυτόνς
308 1498 345 1565 οὐ
373 1494 433 1584 μὴν
458 1501 501 1564 ἔτι
525 1499 578 1563 καί
603 1492 638 1562 τὸ
664 1491 722 1582 πρέ
749 1500 860 1564 ἑαυτοῦ
886 1496 962 1563 κατὰ
988 1497 1045 1584 τήν
1071 1499 1150 1584 πρός

65 1612 162 1674 ἐκεῖνο
183 1601 341 1692 τοιαύτην·
363 1602 400 1672 τίι
420 1605 454 1671 δὲ
478 1601 558 1672 αὐτώ
585 1606 636 1670 καὶ
662 1604 732 1702 περὶ
760 1607 815 1690 τῆς
841 1606 964 1692 ζωτικῆς
989 1604 1149 1693 ἠπορεῖτο·

65 1713 121 1801 τήν
150 1711 208 1801 γάρ
237 1739 286 1780 τοι
318 1710 484 1810 γνωστικὴν
518 1713 632 1800 δρῶμεν
661 1710 768 1797 ὁμοίως
798 1717 927 1798 ἔχουσαν
955 1711 1031 1780 κιττοί
1055 1739 1087 1778 τε
1112 1711 1148 1779 τὸ

66 1819 146 1910 πρὸς
166 1820 274 1889 ἑαυτόν
301 1823 352 1886 καί
381 1818 457 1886 κατὰ
483 1819 519 1887 τὸ
546 1817 621 1904 πρὸς
645 1823 756 1886 ἐκεῖνο·
786 1819 842 1909 δρᾷ
872 1819 928 1907 γὰρ
950 1819 1040 1888 οὐδὲν
1061 1820 1148 1888 οὐδε-

66 1932 203 2015 τέρωθι,
223 1925 309 1994 καθὸ
325 1924 488 2013 γιγνώσκει.
528 1934 569 1994 Εἰ
590 1926 645 2012 γὰρ
659 1929 710 1992 καί
724 1918 904 2012 δραστήριος
924 1929 970 2013 εἴη
992 1928 1011 2014 ἢ
1031 1933 1149 2014 γνῶσις,

66 2036 149 2104 ἀλλὰ
167 2033 252 2102 καθὸ
273 2034 333 2123 δρᾷ
353 2064 398 2116 τι,
420 2038 472 2101 καὶ
493 2036 669 2121 ὐφίστησιν,
703 2034 805 2101 οὐκέτι
824 2042 933 2121 γνῶσις
954 2037 994 2113 ὡς
1014 2043 1150 2122 γνωστοῦ

66 2143 147 2212 ὐλλὰ
168 2146 309 2229 ποιητική
329 2171 374 2220 τις
395 2149 477 2211 αἰτία
497 2140 580 2220 τινές
600 2140 779 2230 ποιήματος.
824 2142 869 2212 Οὐ
891 2145 947 2231 γάρ
967 2149 1033 2210 ἔστι
1050 2158 1150 2213 ποιεῖν

67 2253 149 2319 ἴδιον
181 2257 237 2330 τοῦ
271 2254 499 2336 γιγνώσκοντος,
530 2249 607 2317 ὐλλίι
637 2253 727 2334 μόνον
761 2249 931 2336 γιγνώσκειν
963 2249 1024 2339 ἤδη
1048 2282 1077 2321 τι
1104 2252 1150 2333 ὅν,

66 2366 122 2443 τῆς
142 2358 177 2426 δὲ
197 2359 301 2436 οὐσίας
318 2362 368 2426 καί
387 2365 441 2446 τῆς
462 2362 537 2446 ζωῆς
557 2359 593 2427 τὸ
615 2359 797 2443 ῦφιστάνειν,
826 2359 939 2445 μῦλλον
967 2362 1001 2428 δὲ
1022 2367 1076 2450 τῆς
1095 2365 1149 2450 μὲν

68 2468 190 2545 οὐσίας,
210 2465 246 2532 τὸ
269 2465 391 2534 οὐσιοῦν
412 2467 463 2531 καὶ
482 2463 649 2558 ῦπιίστασίν
670 2491 737 2532 τινα
757 2469 917 2553 παρέχεται
936 2471 1075 2556 πρώτην·
1096 2473 1149 2560 τῆς

68 2574 103 2641 δὲ
126 2576 203 2656 ζωῆς
224 2561 288 2638 οἷον
308 2584 482 2657 παρακινεῖν
502 2576 615 2658 ε’κείνιμ
636 2574 686 2638 καί
706 2580 890 2660 παρεγείρειν
910 2576 952 2651 είς
970 2603 1039 2645 τινα
1055 2578 1148 2664 πρόο-

67 2681 142 2760 δον,
161 2678 182 2763 ἢ
202 2677 257 2764 τὴν
277 2679 386 2758 τούτοιν
407 2679 568 2765 ποιητικὴν
588 2678 707 2746 διδόναι
719 2682 748 2762 ⁸)
770 2676 871 2764 φύσιν.

151 2785 215 2856 Διὰ
235 2781 263 2851 τί
285 2777 341 2851 οὐν
361 2787 380 2872 ἦ
401 2787 455 2872 μὲν
470 2794 512 2863 εἰς
526 2788 635 2854 ἑαυτὸν
652 2785 802 2873 οὐσιώδης
813 2789 976 2876 ἐπιστροφὴ
988 2789 1150 2876 ὐφίστιγσιν

67 2897 124 2963 τὸν
139 2899 215 2961 νοῦν
232 2892 325 2960 αὐτὸν
340 2893 395 2976 ἀφ’
409 2896 562 2978 ἕαυτοῦςῆ
582 2894 616 2960 δὲ
634 2902 676 2972 εἰς
692 2894 728 2963 τὸ
747 2895 806 2982 πρὸ
824 2896 917 2966 αὐτοῦ
936 2897 1038 2964 οὐκέτι
1055 2902 1150 2965 ἐκεῖνο

66 3005 230 3088 ῦφίστιγσις
249 3005 312 3067 Καὶ
328 3007 392 3078 πῶς
413 3003 469 3087 γὰρ
491 2999 605 3068 οἷόντε
623 2993 662 3087 ἦν
682 3003 717 3069 τὸ
739 3006 836 3070 αἴτιον
850 3004 915 3075 ὐπὸ
936 3010 992 3071 τοῦ
1010 3012 1148 3073 αίτιατοῦ

66 3113 274 3195 ὑφίστασθαι;
306 3110 370 3178 Οὐκ
392 3107 450 3196 ίίρα
472 3107 619 3196 οὐσιώδρς
639 3111 658 3195 ἡ
679 3110 804 3198 τοιαύτη
821 3112 1001 3200 ἐπιστροφὴ,
1022 3117 1105 3204 εἴπερ
1119 3119 1148 3200 ⁹)

1 3277 2 3281 ,
65 3219 108 3306 μὴ
132 3218 323 3298 οὐσιοποιὸς,
344 3216 364 3304 ἢ
387 3218 559 3295 οὐσιοποιός
580 3225 634 3305 τῆς
654 3222 709 3286 τοῦ
729 3222 784 3288 νοῦ
806 3221 924 3300 οὐσίας,
945 3222 1013 3306 ἀλλ’
1035 3226 1074 3302 ὡς
1088 3227 1149 3294 ἇπό
1197 3208 1200 3218 ’

67 3334 125 3394 τοῦ
145 3327 205 3414 πρὸ
228 3326 326 3392 αὐτοῦ
348 3331 542 3412 γεννωμένης·
564 3327 642 3394 κατὰ
664 3327 720 3413 γὰρ
741 3327 797 3415 τὴν
827 3329 954 3416 οὐσιώδη
986 3337 1028 3408 τίς
1050 3337 1149 3402 ’ἐκεῖνο

68 3435 205 3522 οῦσιοίδιγ
226 3434 428 3518 ἐπιστροφὴν,
451 3435 490 3509 ώς
512 3433 564 3501 ὐπ’
590 3429 876 3521 έκείνουπροϊύντα
899 3439 916 3504 ὃ
945 3443 1014 3516 νοῦς
1040 3441 1151 3510 ἑαυτὸν

67 3546 269 3629 περιέγραψεν
289 3546 326 3635 τῇ
348 3539 425 3626 πρὸς
446 3544 542 3609 ἐκεῖνο
564 3547 696 3636 στροφῇ,
716 3541 752 3608 τὸ
773 3541 827 3610 ἀπ’
841 3548 954 3611 ἐκείνου
969 3545 1044 3612 εἶναι
1064 3547 1150 3634 δέχο-

69 3667 174 3731 μενος·
201 3641 279 3714 οὐτω
302 3645 361 3732 γὰρ
390 3651 441 3714 καί
472 3645 528 3734 τὴν
561 3645 636 3734 πρὸς
667 3645 777 3716 ἐαυτύν
809 3649 943 3738 οὐσιώδη
969 3654 1152 3744 ἐπιστροφὴν

70 3758 210 3840 νοητέον,
233 3755 273 3830 ὡς
293 3755 349 3838 ἀφ’
371 3758 482 3822 ἑαυτοῦ
502 3759 650 3841 προϊόντα
679 3754 772 3824 αὐτὸν
800 3758 980 3842 ῦφιστᾶσιιν.
1013 3754 1090 3830 οῦτω
1117 3764 1151 3832 δὲ

140 3989 168 4052 7)
186 3985 262 4037 Mon.
280 3988 462 4071 περιεβέβλητο
473 4019 596 4040 ........
609 3985 677 4070 γιρὸς
696 3989 804 4039 ἑαυτοῦ·
824 3987 855 4040 οὐ
871 3988 923 4058 μὴν
939 3994 963 4043 εἰ
979 3951 1023 4044 καὶ
1039 3994 1098 4065 πρὸ.
1117 4027 1151 4038 -

74 4054 371 4193 Ezvffimffiq'ffldom
395 4084 430 4098 --
453 4060 482 4126 9)
509 4055 580 4106 Idem
605 4075 677 4125 ηπιρ.
710 4057 775 4108 Mox
808 4057 904 4110 Hamb.
930 4064 974 4114 καί
1000 4059 1051 4133 γὰρ
1077 4068 1150 4135 (pro
