2770 4840
1066 259 1130 318 177

60 435 155 515 μετέχει
178 427 317 510 κινήσεως
345 425 447 512 ῶσπερ
475 431 525 494 καί
556 431 614 494 τοῦ
641 427 728 504 ὄντος
754 434 922 518 μετέχουσα
953 431 1041 498 οὐσία
1067 437 1133 531 ἐοτγ

59 534 121 602 κατά
138 541 270 622 μέθεξιν.
399 609 404 624 Ι

120 642 206 714 Ἀλλά
227 649 347 731 πρῶτον
367 645 423 744 μὲν
444 643 482 708 τα
501 648 572 729 γένη
591 649 705 730 μετέχει
727 644 870 732 ἀλλήλων
890 647 969 714 κοιτίι
981 647 1039 736 τήν
1054 651 1131 718 ὑπό-

57 777 146 818 στασιν
174 756 288 824 ἑαυτῶν
312 747 375 836 ττρδ
405 755 460 835 τῆς
492 750 649 838 δυνάμεως
676 755 729 818 καδ
755 755 809 837 τῆς
830 757 999 841 ἐνεργείας,
1020 756 1130 824 αδτίκοι

55 858 219 946 ταυτάτιγτος
240 863 292 926 καί
312 855 498 946 ἑτερότητος,
518 855 587 933 ένδσ
610 863 662 926 καί
683 862 816 940 πολλῶν,
837 863 968 946 πέρατος
977 867 1028 930 καί
1043 865 1130 940 ἂττείε

55 992 97 1050 ρου
116 966 188 1034 κατά
208 965 265 1046 τάς
288 967 397 1044 οὐσίας
418 966 576 1050 πρότερον,
594 964 670 1042 ῶστε
682 973 734 1036 καδ
746 969 878 1048 στάσεως
898 975 949 1038 καί
970 976 1129 1066 κινήσεως·

54 1076 98 1141 οδκ
119 1075 176 1164 άρα
201 1081 256 1164 τῖγς
279 1075 424 1162 κινήσεως
450 1079 482 1140 ἐν
506 1086 574 1151 ταῖς
606 1081 770 1172 ἐνεργείαις
794 1083 844 1145 κοδ
875 1109 942 1156 ταις
966 1079 1128 1167 δυνάμεσιν

53 1181 148 1268 μένοις.

109 1291 241 1360 Ἔπειτα
268 1295 320 1360 καί
349 1297 382 1358 αδ
409 1289 550 1376 δυνάμεις
576 1293 627 1357 καὶ
656 1297 690 1357 αἱ
717 1295 861 1380 ἐνέργειαι
885 1301 1045 1382 μετέχουσι
1065 1301 1127 1365 τῶν

53 1396 134 1466 ίλλυν
155 1404 254 1534 γενῶν
279 1401 331 1466 καί
365 1397 467 1466 αὐτοῦ
494 1424 527 1485 γε
549 1396 650 1464 τοῶ”
633 1419 733 1475 οντος·
762 1402 878 1486 μᾶλλον
899 1402 971 1488 δὲὴ
995 1406 1050 1488 μὲν
1071 1405 1125 1473 οὗ

53 1515 90 1572 σία
113 1509 222 1594 ἑκάστη
251 1511 314 1574 τῶν
342 1507 453 1574 οὐσιῶν
479 1507 627 1586 ἑκάστων,
655 1509 675 1594 ἡ
706 1507 740 1574 δὲ
778 1510 943 1610 δυ’ναμις“
929 1511 1041 1634 εκάστιγ
1063 1515 1125 1580 τῶν

50 1616 243 1702 δυνάμεσιν,ε
224 1646 244 1704 η
268 1617 339 1684 δὲ’
321 1620 458 1744 ενέρχεια
478 1619 538 1681 τῶν
559 1619 713 1702 ἐνεργειῶν
735 1614 877 1683 ἑκάστων.

107 1722 176 1791 Ἔτι
197 1723 273 1790 δὲ
253 1753 273 1812 ιγ
294 1725 348 1808 μὲν
370 1723 459 1790 οὐσία
480 1720 559 1808 πρδς
581 1727 729 1811 ἐνέργειαν
752 1722 964 1814 ἀντιδιγγρτγται
985 1729 1034 1792 καί
1044 1733 1122 1814 μέση

48 1831 143 1900 τούτων
168 1833 189 1920 ἡ
221 1829 347 1917 δύναμις
374 1828 455 1964 ττργδςΙ
475 1835 621 1915 ἑκατέραν
652 1832 796 1916 λεγομένιγ
814 1833 858 1914 6)·
900 1835 918 1913 ἧ
946 1833 980 1900 δέ
1007 1843 1122 1920 κίνιγσις

46 1939 106 2028 ορδς
124 1940 217 2073 μόνιγν
237 1938 412 2027 λέγεται
376 1967 435 2025 τιγν
456 1935 572 2019 στάσιν,
592 1943 644 2005 καί
667 1938 735 2006 οὕτε
756 1934 831 2027 πρὸς
851 1939 957 2007 οὐσίαν
979 1939 1052 2007 οάτε
1069 1948 1123 2026 μέ·

46 2074 87 2114 σοι
101 2078 129 2115 τι
150 2049 283 2125 στάσεως
304 2050 355 2113 καί
376 2045 530 2132 κινήσεως.

103 2154 174 2224 ’Ἔτι
194 2157 229 2224 δὲ
253 2155 325 2222 οδδέ
339 2156 406 2236 7)’
392 2161 508 2230 εννοίας
524 2151 823 2280 προβαλλόμεθα
787 2181 840 2228 τας
856 2152 950 2230 αὐτάς
964 2115 1089 2222 κινέῖοθ

45 2288 68 2328 τι
84 2265 243 2340 άκοάοντες
263 2267 315 2331 καί
336 2267 480 2348 ἐνεργεῖν·
503 2265 565 2352 καίΙ
577 2257 630 2348 γάρ
653 2259 687 2330 τδ,
711 2265 835 2327 ἑστάναι
856 2266 908 2328 καί
929 2262 1050 2350 ἠρεμεῖν
1069 2292 1120 2356 ”V

45 2371 194 2441 καθεάδειν
222 2375 274 2438 καί
303 2365 361 2438 ’δσα
387 2375 516 2440 τοιαῦτα
538 2366 721 2455 ἐνεργήματα
743 2373 883 2447 νοοῦντες
905 2371 942 2437 οὐ
964 2368 1117 2457 κινήματα

44 2485 169 2567 νοοῦμεν,
191 2478 272 2549 ἀλλά
293 2477 484 2545 τούναντίον·
507 2475 542 2542 τδ
563 2476 620 2564 γάρ
642 2474 770 2546 ἑστάναι
789 2483 834 2561 τῷ
856 2483 1013 2544 κινεῖσθαι
1033 2483 1118 2544 ἐναν-

44 2595 108 2654 τίον·
135 2597 162 2656 εἰ
190 2589 226 2654 δὲ
252 2586 289 2654 τδ
317 2592 457 2670 ἐνεργεῖν
472 2589 521 2651 ἐπ’
548 2585 674 2670 ἀμφοῖν,
701 2584 755 2651 οῦκ
777 2583 814 2650 άν
835 2588 884 2672 είιγ
906 2582 941 2652 τδ
963 2593 1119 2655 κινεῖσθαι

43 2697 174 2764 ἐναντίον·
206 2703 234 2761 εί
261 2694 294 2760 δὲ
314 2697 469 2758 κινεῖσθαι
495 2690 528 2758 τὸ
558 2691 663 2757 κοινάν
692 2692 858 2775 καλοῦμεν,
889 2688 926 2758 τδ
946 2693 1068 2760 ἑστάναι
1088 2702 1120 2762 τί

44 2799 174 2889 οιγσομενγ
205 2803 253 2868 ἀεὶ
273 2799 330 2888 γάρ
350 2806 388 2891 τῇ
408 2798 522 2886 κινήσει
543 2797 601 2884 τήν
623 2795 726 2864 στάσιν
747 2797 945 2866 ἀντιθετέον·
974 2804 1027 2868 καί
1048 2808 1075 2868 εί
1097 2805 1117 2884 ἦ

42 2907 151 2995 δίιαμις
171 2919 299 2997 κίνησις,
319 2917 350 2976 τί
370 2907 407 2976 δν
428 2909 448 2994 ιγ
472 2904 576 2982 στάσις
583 2937 595 2986 ,·
618 2905 705 2973 οὐδὲν
728 2905 786 2992 γάρ
808 2911 892 2974 ἐστιν
914 2905 931 2974 δ
952 2909 1117 2977 ἀντίκειται

42 3023 68 3107 τῇ
91 3025 219 3153 ἐνεργείᾳ
245 3021 297 3086 καί
326 3022 363 3148 τῇ
391 3012 517 3102 δυνάμει
546 3016 629 3102 πλήν
655 3016 710 3101 τῆς
739 3016 856 3098 οδσίας,
883 3016 960 3084 κατά
989 3019 1029 3104 διγ’
1052 3047 1117 3090 τινα

41 3131 151 3214 τρόπον·
172 3129 306 3259 γγοῦοίο
326 3154 386 3215 αρο
402 3153 506 3200 στασις
528 3128 623 3192 ἐσται.
649 3127 753 3190 Τουτό
775 3149 836 3190 που
854 3149 890 3191 το
912 3131 971 3192 τοῦ
993 3127 1116 3211 Στρά-

41 3263 155 3318 τυνος,
178 3234 254 3322 άπερ
268 3236 325 3335 οίικ
339 3223 486 3302 εδάκει
452 3261 485 3300 ευ
508 3236 591 3320 ἐχειν.
616 3239 659 3298 Εἰ
679 3232 784 3298 δὲκαὶ
804 3261 961 3320 γεννιγτικιγ
984 3237 1070 3302 οὐσία
1086 3239 1115 3318 8)

41 3342 173 3429 δυνάμεως
203 3349 255 3410 καί
280 3345 345 3428 μετ’
376 3337 474 3423 αδτίγν
505 3345 677 3470 ἐνεργείας,
695 3339 713 3426 ἡ
741 3331 775 3404 δὲ
805 3348 921 3438 κίνιγσις
947 3349 979 3408 έν
1006 3373 1033 3408 τι
1058 3353 1117 3408 τῶν

39 3455 143 3522 πολλῶν
165 3459 269 3545 γενῶν,
289 3445 389 3535 δίσπερ
409 3452 461 3515 καί
481 3449 501 3536 ἡ
522 3445 645 3524 στάσις·
668 3447 920 3544 άντιδιγγριγται’
900 3474 959 3533 αρο
981 3450 1059 3533 πρὸς
1079 3481 1114 3518 το

42 3556 78 3624 δι’
105 3563 160 3630 οὐκ
189 3559 248 3644 άρα
273 3557 319 3636 ῶς
347 3553 458 3624 τούτου
484 3558 619 3640 γέννημα
645 3557 698 3620 καί
723 3552 856 3621 ἐκτένειά
873 3583 938 3635 τις,
959 3560 1025 3622 ἐπεὶ
1048 3558 1117 3625 οὐδὲ

40 3667 137 3743 μᾶλλον
157 3665 228 3733 τόδε
248 3664 341 3733 τοῦδε
361 3665 477 3748 μετέχει
497 3657 518 3745 ἢ
539 3659 722 3725 τούναντίον.
746 3663 834 3728 Καθ’
847 3658 942 3726 ἑαυτὰ
965 3658 1021 3748 γάρ
1043 3670 1115 3728 ἕκα-

41 3799 83 3840 στα
97 3775 175 3843 -δντα
196 3765 216 3840 ά
236 3774 329 3852 ἐστιν,
350 3775 455 3839 ἐττειτα
477 3765 620 3854 ἀλλήλοιν
642 3774 776 3854 γίγνεται
788 3768 889 3836 πάντα
904 3767 981 3836 κατά
997 3768 1051 3850 τίγυ
1062 3777 1116 3856 τῆς

94 3993 120 4056 6)
141 3993 237 4046 Hamh.
261 3995 409 4079 λεγογιέιιγν.
448 4017 478 4031 ν·
533 3992 560 4056 7)
585 3987 660 4041 Mon.
690 3985 765 4039 οὐδέν
787 3988 835 4038 διν.
881 3984 967 4040 Paulo
1001 3983 1115 4039 inferius

39 4057 121 4118 Hamh.
146 4081 224 4117 voce.
250 4062 282 4114 τὸ
302 4060 352 4130 γάρ
377 4059 481 4111 ἑστάναι
504 4078 528 4108 τ.
547 4077 570 4107 κ.
591 4061 625 4109 ἐν.
648 4056 754 4124 omisit3
784 4057 859 4110 Mon.
879 4073 947 4107 τετυ
966 4059 1067 4110 flante
1087 4059 1115 4111 δέ

38 4133 187 4187 nonhabet
224 4163 254 4174 --
292 4131 322 4198 8)
342 4127 448 4181 Mon
435 4149 452 4194 ιγ
471 4125 556 4179 ουσία

728 4277 765 4329 12
