2770 4840
1052 261 1121 322 227

45 431 87 527 διδ
116 433 188 498 κατὰ
213 431 329 519 ταύτην
356 436 385 498 οδ
411 431 556 500 πλεῖστοι
587 434 779 502 εδδοποιοῦσι
808 433 862 503 τόν
887 440 973 505 νοῦν·
1004 435 1066 503 ἔδει
1092 437 1129 504 δέ

43 536 94 623 πρὸ
115 537 202 624 τηςδε
230 540 282 603 καλ
308 536 365 622 τήν
383 535 610 624 διαπεκριμένην
629 541 681 605 καὶ
697 543 967 627 περιγεγραμμένην
987 537 1125 607 δπόστα-
1147 573 1149 577 ·
1221 565 1224 580 ·

45 671 86 710 σιν
103 647 152 710 καλ
172 641 278 729 νόησιν
297 640 414 730 ταότην
433 641 492 732 πρό
511 650 568 730 τῆς
594 649 761 732 γνωστικῆς
784 646 943 732 όνομόζειν
969 647 1014 724 οῦς
1035 646 1125 733 πρό·

44 778 89 838 την
107 757 150 829 εἰς
171 751 207 818 τό
235 751 272 820 δν
296 755 352 818 τοῦ
379 749 591 836 προελθόντος
619 753 670 820 ἀπ’
698 754 801 822 αὐτοῦ
820 752 986 835 ἐπάνοδον,
1014 754 1067 842 ἀφ’
1086 749 1127 838 ἧς

43 861 86 924 καὶ
106 858 122 924 ὁ
141 863 217 936 νοῦς
236 859 449 944 ἐπικέκληται·
475 861 526 926 καλ
545 858 606 946 πρὸ
636 865 693 947 τῆς
720 857 855 959 γνόντας
879 867 924 938 εἰς
950 857 986 930 τό
1009 859 1044 930 όν
1063 859 1123 950 ἤδη

42 963 171 1052 νεόμενός
190 993 224 1032 τε
244 968 297 1033 καὶ
316 962 457 1033 ἐπανιόν.

106 1072 192 1150 Ἴσως
210 1074 247 1140 δὲ
267 1076 319 1141 καλ
339 1077 455 1160 γένεσις
476 1069 562 1150 όντος
581 1077 633 1140 καὶ
656 1073 762 1152 οὐσίας
781 1075 927 1160 ἡγνῦσις
946 1075 1025 1143 εἶναι
1044 1077 1122 1164 βοό-

42 1181 117 1248 λεται
137 1186 197 1266 13)·
225 1180 370 1248 οὐσίαται
395 1178 452 1268 γολρ
475 1183 576 1272 τῇεῑς
604 1181 641 1248 τό
665 1177 699 1247 όν
725 1180 863 1268 ἐπανόδογ
892 1180 928 1249 τό
960 1191 1123 1271 γιγνῶσκον

40 1287 108 1356 κατὰ
127 1289 185 1374 την
205 1290 316 1375 γνοῦσιν
338 1287 374 1354 οὐ
394 1285 451 1375 τόν
468 1285 608 1373 πρώτην,
638 1285 705 1354 ἄλλ’
726 1289 792 1354 οῖον
812 1293 990 1376 γιγνομένην
1010 1289 1122 1358 οόσέοι·

41 1419 96 1461 σιν
121 1396 271 1481 διόπερ
257 1399 364 1474 ονοῦς
383 1391 424 1464 τό
444 1393 622 1523 πράγματα
614 1421 722 1482 φησι
712 1391 1087 1484 καδΑριστοτελης

106 1501 255 1571 Ἀλλὰ
219 1529 258 1570 τα
279 1504 334 1589 μέν
355 1501 488 1587 ὀνόματα
504 1495 586 1580 ὅπως
605 1499 645 1568 όν
663 1529 711 1580 τις
728 1501 965 1589 εὖφυέστερον’
943 1531 1012 1593 εγοι,
1028 1531 1120 1637 προς-
1135 1548 1198 1620 pag,
1231 1565 1234 1572 2

40 1613 181 1696 αρμοζέτω
208 1623 275 1690 τοῖς
304 1607 483 1695 πράγμασιν.
524 1599 601 1676 “On
621 1597 713 1676 δ’
672 1635 730 1676 ουν
758 1608 836 1676 κατὰ
869 1606 927 1697 τὴν
955 1617 999 1688 εἷς
1023 1609 1061 1679 τό
1086 1612 1121 1680 όν
1144 1605 1198 1666 ¹⁵⁶

39 1714 214 1788 ἐπόνοδον’
198 1745 247 1787 οτι
272 1720 345 1798 νοῦς
370 1720 520 1804 δφέστηκε
552 1720 603 1786 καλ
627 1745 647 1804 η
669 1723 778 1804 γνοῦσις
791 1722 1016 1806 προβέβληται,
1036 1727 1118 1790 πόσα

39 1827 66 1894 δέ
93 1826 241 1906 ἐπάνοδος
267 1831 326 1894 τοῦ
353 1823 564 1913 προελθόντος
588 1828 651 1894 ἐστὶ
680 1829 731 1894 καλ
762 1827 942 1904 διαστάντος
965 1827 1041 1915 ἤδη,
1066 1831 1119 1896 καλ

37 1933 81 2001 διό
101 1942 197 2002 τοῦτο
224 1935 369 2020 δεομένου
396 1939 452 2022 της
478 1931 646 2014 ἐπανόδου,
674 1929 731 2000 οῦα1
752 1931 941 2020 ότναλυοόσης
966 1935 1020 2022 τήν
1048 1935 1117 2004 διό-

39 2069 149 2124 οτοισιν,
172 2041 241 2110 ἀλλ’
261 2041 337 2108 αὐτὸ
355 2039 390 2108 τό
411 2039 532 2118 διεστός
551 2033 571 2130 ἦ
592 2040 746 2128 διέστηκεν
758 2045 810 2109 καὶ
826 2034 991 2132 ᾖδιεοιός,
1003 2047 1118 2112 ἐπανα-

39 2152 139 2238 γοδσης
162 2155 204 2227 εἰς
231 2153 343 2230 έκεῖνο,
373 2150 428 2232 ἀφ’
458 2142 497 2216 οὗ
522 2147 625 2234 διέστη
653 2150 705 2218 καὶ
732 2144 961 2235 προελήλυθεν,
987 2151 1119 2238 φανερόν

37 2259 80 2324 καὶ
99 2255 162 2326 ι’σιδ
182 2259 239 2323 τοῦ
259 2261 314 2342 της
333 2253 472 2341 γνώσεως
493 2255 652 2341 ὀνόματος.
1159 2271 1160 2274 ’

112 2370 157 2431 Ti
176 2363 210 2430 δέ
233 2355 287 2429 οῦν
308 2364 327 2449 ἡ
349 2369 474 2449 γνῶσιςς
495 2353 553 2451 ἆρα
573 2359 796 2451 περιαυγασμός
815 2365 867 2430 καὶ
888 2364 951 2432 οἷον
977 2389 1118 2451 προπομ·

37 2478 84 2538 σία
103 2467 204 2556 φωτός
224 2475 256 2536 ἓν
277 2469 320 2556 τῷ
342 2473 496 2558 γνωστικῷ
515 2474 576 2537 τοῦ
601 2475 756 2558 γνωστοῦ,·
776 2472 828 2537 καλ
848 2468 907 2558 γόρ
926 2472 949 2557 ἡ
967 2473 1119 2560 αἴσθησις

38 2577 105 2646 κατὰ
125 2576 164 2648 τδ
185 2581 341 2666 αόσθημα,
362 2583 414 2646 καλ
433 2580 454 2664 i]
475 2587 627 2663 φαντασία
651 2576 729 2647 κατόν
756 2577 809 2646 τόν
828 2579 926 2647 τόπον
952 2581 1119 2666 ῦφλσταται

39 2691 83 2754 καλΙ
107 2689 127 2774 ἡ
155 2687 274 2766 δόξασις
304 2689 356 2752 καὶ
383 2687 402 2772 ἥ
438 2685 581 2773 νόησιςῆ
604 2687 657 2772 μὲν
681 2684 759 2754 κατό
786 2686 822 2756 τό
848 2686 1012 2774 διανόημα,
1038 2691 1057 2771 ἦ
1085 2689 1120 2756 δὲ

38 2793 107 2862 κατόν
126 2793 166 2863 τό
187 2793 331 2879 δόξασμα·
354 2791 497 2862 καθόλου
527 2804 628 2863 τοίνυν
647 2797 668 2882 ἡ
689 2800 795 2882 γνῶσις
822 2795 901 2863 κατό
924 2797 961 2864 τό
989 2802 1120 2884 γνοῦσμα,

38 2910 60 2968 εἰ
84 2904 149 2970 οἷον
176 2929 210 2969 τε
237 2902 338 2986 φόνοι.
392 2899 439 2970 Τό
461 2902 496 2970 δέ
531 2902 686 2990 γνοῦσμό
713 2908 794 2970 ἐστιν
823 2901 899 2970 αὐτό
926 2900 961 2970 τό
989 2904 1121 2991 γνωστόν

38 3007 100 3074 ἀλλ’
120 3008 183 3096 ἤδη
204 3013 248 3095 τῷ
268 3007 464 3138 γιγνώσκοντι
484 3013 707 3095 ένουσιωμένον·
728 3007 748 3092 ἢ
771 3009 849 3078 κατὰ
862 3011 916 3096 μέν
936 3015 1030 3078 τοῦτο
1042 3008 1120 3080 πόν-
1191 3017 1195 3022 ’

37 3144 132 3245 τηςη
142 3121 260 3203 γνῶσις,
279 3117 315 3185 οῦ
336 3121 428 3184 τοῦτο
448 3116 519 3184 δέε
497 3147 523 3245 η
545 3122 670 3201 γνῶσις,·
692 3124 721 3184 τί
742 3109 801 3184 οὖν
820 3113 928 3210 πόσγει
947 3118 1121 3206 τδγνοιστι-
1187 3191 1190 3196 ,

39 3221 100 3304 κόν,
119 3219 174 3290 ότε
194 3221 289 3353 μήπμ
315 3219 509 3357 γιγνφόσκειὴ
504 3221 667 3310 ὀρέγεται
695 3229 750 3290 τοῦ
775 3229 930 3310 γνοιστοῦς
962 3225 1119 3312 Οῦιιοῦνη
1204 3233 1206 3240 ’

42 3334 143 3454 γνῶσις
162 3326 245 3410 ταξις
256 3332 393 3409 ’14)εστλ
412 3335 470 3397 τοῦ
498 3336 634 3458 γνωστοῦ
653 3358 674 3416 η
697 3331 846 3424 γνωστόν·
871 3333 923 3398 και
943 3328 998 3418 γὰρ
1018 3339 1046 3400 ελ
1064 3337 1121 3400 τοῦ

41 3432 118 3515 όντος
139 3430 256 3505 ἀλλ’
236 3465 256 3522 η
284 3437 415 3525 γνωστὸν
438 3437 475 3504 τό
503 3435 546 3504 όν.
601 3445 642 3505 Τι’
663 3428 774 3505 οῦντό
798 3435 978 3523 γνωστόν,
1005 3441 1057 3506 καλ
1076 3443 1121 3530 πῇ

41 3541 179 3633 διαφέρον
198 3547 256 3612 τοῦ
273 3543 377 3629 όντος,·
396 3542 417 3630 ἢ
437 3539 485 3612 ότι
505 3542 638 3632 γνωστόν
654 3546 708 3631 μὲν
736 3543 813 3632 πρός
839 3543 915 3614 iiio
928 3576 931 3581 ·
944 3549 1020 3613 καθ’
1045 3544 1120 3612 αὑτό

41 3650 85 3732 δὲ,
104 3646 123 3719 ό
143 3656 245 3733 ἐστίν,
264 3649 321 3737 όνς
341 3649 362 3738 ἢ
382 3655 434 3718 καὶ
453 3658 551 3720 τοῦτο
572 3651 626 3739 μὲν
639 3650 812 3739 πρόςεστιν,
827 3650 913 3720 οῦπω
933 3653 969 3719 δέ
988 3681 1035 3732 τις
1050 3657 1121 3721 ἕκα-

40 3763 121 3843 τέρου
149 3756 309 3846 διιόριοται
336 3759 443 3846 φόσιςς
470 3757 492 3844 ἢ
517 3759 553 3826 τό
582 3764 636 3845 μέν
662 3765 742 3828 ἐστιν
768 3761 787 3846 ἢ
816 3757 998 3844 ὑπόστασις,
1023 3757 1060 3828 τό
1087 3760 1121 3828 δὲ

105 3988 150 4054 15)
169 3989 243 4042 Mon.
261 3987 419 4057 βούλονται·
437 3987 557 4040 idem
526 4008 558 4059 τη
579 3999 640 4040 aute
658 3991 706 4049 εἰς
714 4005 765 4042 om.
786 3988 823 4042 ci.
850 3987 961 4041 Aristot.
988 4005 1014 4042 τι.
1028 3991 1123 4077 ψυχης

41 4055 213 4118 l.111.c.4
219 4075 342 4144 εη.-
342 4062 411 4144 τίς)
437 4059 511 4112 Μοσ.
535 4041 633 4120 ότῦξις,
662 4055 853 4128 (acquisitio).
885 4058 929 4108 καλ
951 4057 1001 4128 γὰρ
1023 4057 1040 4124 ἦ
1063 4077 1122 4113 του.

40 4124 133 4180 Ηειαλ).
151 4126 231 4181 bis
213 4149 229 4194 η
250 4125 374 4196 γνωστόν.
411 4127 486 4182 Mon.
506 4127 637 4198 διαφέρειν
654 4129 743 4179 τοῦο.
