2770 4840
1071 272 1137 332 175

64 453 92 518 δὲ
117 452 150 518 τό
175 455 295 538 πρῶτον
317 447 438 538 ῦπαρξις
468 451 546 516 κατὰ
573 448 708 528 ἔνδειξιν,
730 449 824 534 δῆλον
846 451 888 526 ὡς
907 453 957 516 καί
981 451 1015 516 τὸ
1038 457 1142 537 τρίτον

64 567 126 638 νοῦς
147 560 224 626 κατὰ
241 559 362 638 ἔνδειξιν
369 609 378 638 ,
405 560 448 634 τός
479 559 555 644 πρὸς
572 558 685 644 νοητόν
711 562 820 624 έκεῖνο.
849 565 889 627 Εἰ
916 557 949 623 δέ
970 557 1005 624 τό
1040 566 1141 643 τρίτον

62 673 124 745 νοῦς
140 671 270 754 πρῶτος,
294 672 386 734 τοῦτο
402 670 442 742 ¹⁰)
470 666 504 732 δὲ
521 670 644 752 πρῶτον
666 664 729 730 άπὸ
750 663 816 742 ἑνός
835 665 991 750 προελθὸν
1005 669 1056 732 καί
1073 669 1140 730 ἐπι-

62 778 180 862 οιραφὲν
207 777 282 864 πρὸς
310 776 347 858 τὸ
369 783 415 855 έν,
453 779 547 842 τοῦτο
578 774 613 840 δὲ
643 777 765 859 πρῶτον
791 773 959 858 ἡνωμένον·
988 778 1039 840 καὶ
1054 781 1082 840 εἰ
1104 769 1141 838 τό

62 891 147 973 τρίτον
175 890 298 972 πρῶτον
325 890 467 971 ἐξέφυγεν
495 884 553 960 τὰς
582 885 802 971 ὑπερχεομένας
828 887 889 950 τοῦ
919 882 1005 960 ὄντος
1042 882 1142 971 ἀρχὰς,

63 989 123 1078 ὄρον
143 997 242 1072 τεκαὶ
262 993 431 1079 ἀοριστίαν,
464 991 542 1059 αῦτό
566 995 687 1078 πρῶτον
712 991 875 1075 ὡρισμένον
897 998 929 1056 έν
946 992 1069 1072 γεγονὸς
1091 993 1143 1058 καί

62 1104 117 1169 οίον
132 1105 228 1183 παγὲν
243 1109 287 1177 είς
305 1100 487 1170 ῦπόστασιν.
512 1139 552 1150 -
587 1104 694 1168 Τοῦτο
712 1089 800 1185 δὲῆν
819 1099 853 1164 τὸ
874 1099 937 1168 ”Or
948 1137 988 1150 -
1010 1102 1254 1178 ainau-1108..

61 1209 104 1274 τίν
119 1207 156 1276 ὄν
176 1205 246 1296 ἥκοι
271 1214 315 1294 τῷ
338 1215 445 1294 κυρίως
470 1205 532 1276 ὄντι
557 1205 667 1291 πρώτῳ
694 1206 711 1272 ὁ
737 1205 816 1272 κατὰ
837 1206 957 1286 ἔνδειξιν
976 1207 1142 1297 ὶλεγόμενος

60 1321 124 1394 νοῦς.
156 1316 215 1385 Διό
241 1321 292 1382 καὶ
318 1313 469 1402 οῦσιιάῦης
491 1316 628 1400 ῦμνεῖται
653 1317 741 1391 νοῦς,
768 1313 804 1379 οῦ
817 1315 859 1395 ¹¹)
886 1314 966 1380 κατὰ
992 1314 1028 1380 τὸ
1049 1330 1141 1392 νοεῖν,

62 1425 124 1494 ὄλλίι
157 1424 238 1492 κατὰ
264 1422 299 1490 τό
326 1423 402 1490 εἶναι
432 1419 738 1510 χαρακτηριζάμενος·
772 1425 823 1488 καὶ
845 1428 873 1488 εί
894 1421 1038 1511 βούλεται
1061 1421 1140 1491 οῦτω

60 1531 141 1614 λέγειν
155 1533 344 1619 Ἀμόλιος,
371 1535 466 1598 τοῦτο
492 1531 601 1611 λεγέτω
623 1533 678 1596 τόν
694 1534 778 1595 νοῦν.

133 1647 213 1728 Φέρε
240 1640 275 1706 δὲ
295 1639 385 1705 πάλιν
405 1643 524 1725 ἒξαρχῆς
544 1637 799 1723 ἐπισκεψόμεθα,
831 1644 860 1704 τί
879 1666 953 1706 ποτε
971 1645 1023 1706 καί
1049 1642 1138 1722 λέγο-
1151 1641 1227 1718 Cap.

59 1777 102 1834 μιν
119 1751 194 1817 εἶναι
213 1749 254 1814 τὸ
280 1745 340 1831 ὄνς
366 1754 411 1824 τίς
430 1743 508 1833 αῦτη
533 1745 701 1832 ἦίῦιότηςς
720 1753 769 1822 ,τίς
789 1746 824 1812 δὲ
845 1744 930 1834 άλλη,
957 1746 1054 1835 φήσω,
1079 1748 1097 1835 ἢ
1120 1751 1138 1835 ἦ
1164 1721 1217 1788 6²·

60 1858 87 1924 τό
106 1859 234 1926 ἑκάστου
263 1857 340 1922 εἶναι
371 1863 572 1941 σημαίνουσα.
621 1855 703 1923 Οῦῦὲ
735 1852 796 1940 γάρ
824 1860 903 1922 ἐστιν
932 1855 1028 1935 άλλως
1059 1873 1140 1924 νοεῖν

59 1967 103 2044 τὰς
120 1966 286 2052 ἰδιότητας,
309 1961 383 2049 ἢῦί
404 1964 507 2030 αὐτῶν
524 1964 631 2041 αῦτάς·
652 1969 702 2030 καί
721 1969 928 2052 ὲναργέστεραί
944 1959 979 2048 γε
1001 1970 1077 2034 εἰσὶν
1100 1966 1140 2033 δι’

58 2078 161 2140 έαυτῶν
181 2067 395 2156 γνωριζόμεναι
415 2067 435 2155 ἢ
455 2070 494 2136 δι’
513 2068 621 2136 ὄλλων.
644 2073 709 2138 Καὶ
724 2068 781 2155 γάρ
808 2069 969 2157 ὄνθρωπος
995 2071 1044 2141 ὄτι
1058 2079 1139 2142 ἐστίν

58 2182 139 2247 αῦτὸ
154 2185 182 2264 ¹)
212 2184 348 2264 σημαίνει
375 2178 490 2262 μᾶλλον
513 2173 533 2262 ἢ
554 2181 591 2242 τό
610 2181 689 2254 ζοῦον
716 2178 837 2257 λογικὸν
864 2179 989 2266 θνητόν.
1013 2181 1086 2248 Ἐπὶ
1104 2181 1139 2247 δὲ

10 2351 11 2370 ,
59 2293 108 2354 νῦν
131 2289 239 2356 ἁπλοῦν
266 2289 364 2366 γενῶν
396 2284 466 2350 οῦδὲ
489 2283 594 2372 ῥᾴδιον
617 2284 780 2378 ὁρίσασθαι
810 2285 861 2350 διὰ
878 2293 1060 2374 στοιχείων·
1087 2293 1139 2356 καί

10 2415 12 2490 3
58 2394 104 2483 γάρ
126 2395 274 2480 ἰδιότητάς
307 2400 400 2473 εἰσιν,
424 2399 458 2458 αί
484 2394 538 2478 μέν
564 2390 786 2478 ἇπλοῦστεραο,
820 2394 882 2460 οἷαι
907 2401 941 2461 αἱ
970 2401 1031 2462 τιῦν
1054 2396 1137 2484 πριό-

10 2491 12 2564 ff
58 2531 106 2570 των
125 2505 235 2584 εἰδῶν,
264 2507 298 2567 αἱ
321 2501 356 2566 δὲ
379 2498 624 2586 συνθετοίτεραι,
657 2501 717 2568 οἷαι
744 2503 805 2566 τῶν
836 2505 869 2580 ἐξ
889 2506 1009 2568 ἐκείνων
1031 2514 1137 2596 Ισυντι-

58 2617 199 2696 θεμένων,
237 2611 280 2686 ὥς
302 2605 338 2674 τό
358 2611 435 2686 ζῶον
465 2612 498 2674 ἐκ
522 2612 585 2674 τοῖν
610 2611 707 2689 γενῦν
738 2612 798 2678 τοῦ
821 2605 924 2690 ὄντος,
948 2608 967 2696 ἢ
993 2606 1051 2678 ὄσα
1073 2615 1137 2678 ἐστὶ

58 2717 87 2786 τό
106 2726 138 2787 ἐκ
161 2716 280 2788 τούτοιν
297 2722 508 2803 συντιθέμενα.
542 2714 610 2818 ’Όν
638 2723 740 2783 τοίνυν
765 2721 850 2784 ἐσται
869 2715 905 2786 τό
935 2718 1138 2808 παρεχόμενον

57 2828 159 2913 ἑκάστῳ
180 2825 259 2894 αῦτό
275 2821 311 2890 τό
328 2826 422 2904 εἶναι,
445 2829 497 2891 καί
518 2823 629 2892 καθότι
644 2828 673 2902 ²)
700 2823 734 2891 ὄν
756 2830 827 2892 ε’στι.
853 2829 920 2905 Καί
944 2826 982 2903 ὡς
999 2825 1032 2892 τό
1052 2833 1137 2894 ἐστι
1210 2851 1221 2872 ⁸

10 2925 11 2984 ἕ
56 2925 207 3022 οῦνόεσμός
236 2939 300 3000 ἔστι
327 2937 388 2999 τῶν
416 2931 516 2999 ὄλλων
537 2931 680 3018 ῥημάτων
700 2936 753 2998 καί
776 2931 947 3018 ὀνομάτων,
976 2929 1073 3011 οότως
1100 2937 1136 3002 τό

53 3048 105 3112 ’Όν
123 3042 292 3128 σάνδεσμός
322 3046 388 3110 ἐστι
415 3045 474 3108 νῦν
500 3041 591 3107 είδοῦν
618 3040 760 3108 ἁπάντων
783 3042 847 3108 οἷον
868 3046 934 3126 ῥίζα
956 3041 1070 3120 παντός
1090 3051 1134 3111 εἰ·

56 3153 131 3232 λοῦς·
153 3155 208 3236 ἀφ’
230 3145 263 3234 ἧς
283 3154 334 3226 καί
355 3156 386 3218 ἐν
407 3142 429 3246 ᾗ
450 3153 512 3216 πᾶν
533 3139 612 3228 εἶδος
632 3148 774 3234 έκφῦεται
795 3154 848 3216 καί
869 3150 1024 3236 ίδράεται·
1057 3153 1137 3242 πλην

56 3259 84 3324 τί
101 3290 133 3343 γε
153 3269 186 3328 έν
209 3264 259 3326 καί
279 3257 391 3344 ταότης
412 3261 477 3324 ἐστὶ
501 3260 567 3343 ῥίζα
590 3258 795 3342 ἁπλουστέρα.

124 3373 204 3456 Περί
231 3369 286 3453 μὲν
311 3359 374 3460 οῦν,
390 3369 440 3453 τῆς
458 3371 533 3455 ,τιῦν
567 3366 659 3432 εἰδιὶν
691 3365 712 3452 ἢ
739 3371 799 3431 τοῖν
817 3369 925 3447 ’γενῦν
960 3366 1067 3447 τάξεως
1099 3372 1135 3437 οῦ

55 3478 196 3562 πρόκειται
209 3473 258 3553 ,τά
277 3477 333 3540 νῦν
352 3473 506 3554 ἐξετάζειν.
538 3473 579 3543 ‘0
596 3475 630 3541 δὲ
651 3474 820 3542 Πλάτων
843 3471 878 3540 τό
905 3473 942 3541 ὄν
969 3477 1135 3563 ὁριζόμενος
1223 3493 1226 3506 “

56 3586 243 3674 ίπεχείρισε3)
276 3583 331 3670 μὲν
360 3579 422 3650 άπὸ
452 3587 507 3669 τῆς
536 3587 684 3670 ἐνεργείας
710 3581 789 3651 αῦτό
813 3587 939 3664 ποιῆσαι
969 3583 1134 3673 γνώριμον·
1181 3663 1188 3676 ι

56 3694 83 3760 τί
113 3695 170 3784 γὰρ
203 3691 370 3778 δυνάμενόν
399 3719 473 3778 φησι
498 3704 596 3759 ποιεῖν
619 3695 671 3758 καί
690 3691 814 3778 πάσχειν
836 3695 928 3759 τοῦτο
944 3689 1018 3761 ’Ὁν
1044 3695 1133 3774 λέγο-

10 3919 12 3970 χ
98 3882 143 3946 ιο)
163 3880 236 3934 Mon.
254 3883 303 3932 τοῦ
319 3880 356 3932 δ).
377 3906 408 3918 -
448 3880 491 3943 ιι)
511 3877 611 3930 Ηοιιιί).
634 3877 666 3931 οὐ
683 3895 734 3932 om.
756 3881 830 3932 Mon.
848 3881 943 3932 τοῦτον
961 3881 1063 3948 λεγέτω.

115 3977 142 4039 ι)
160 3974 235 4027 Mon.
261 3974 340 4032 αὐτὸς
363 3991 425 4040 σημ.
444 3992 473 4042 μ.
491 3971 591 4039 hm..
607 3976 709 4044 γεννῶν.
752 3971 867 4024 Inferius
895 3986 958 4042 post
983 3976 1132 4029 secuudum

56 4040 112 4106 οἶοι,
130 4043 260 4096 articulus
279 4047 307 4095 αἱ
325 4043 457 4126 ετοίιΙίηεο
476 4041 591 4100 videtur.
627 4045 701 4096 Mon.
721 4043 816 4094 iterum
834 4045 936 4110 γεννῶν.

113 4163 281 4239 τ)Μσο.ᾂν
301 4130 514 4224 Ham1>.‘{‡sic.
536 4191 567 4202 -·
603 4162 632 4225 ὅ)
652 4165 728 4215 Mon.
750 4163 902 4231 ἐπεχείρησε.
978 4223 982 4228 “
1071 4175 1075 4188 ’
