2828 4832
1096 239 1166 322 τόν

112 485 116 492 ‹
165 447 251 531 ,Περί
269 442 304 512 δὲ
325 445 438 523 τάξεως
461 445 522 510 τόν
547 443 638 528 τριῶν
655 441 785 529 τριάδων
812 443 906 518 εἴτις
933 437 991 526 τὴν
1010 442 1168 526 ελρημένην

79 552 198 637 ταύτην
215 547 327 639 τριάδα
348 549 461 637 στήσας
473 548 557 628 ,κατά
587 547 621 616 τό
651 555 683 616 έν
709 549 767 636 τὴς
795 553 906 635 νοητὴς
933 548 973 623 άις
992 543 1031 612 ι’ίν
1049 549 1166 633 γένοιτο

79 659 220 748 τριάδος,
244 659 307 726 ἴδοι
326 661 379 724 καί
397 656 433 724 τό
453 664 486 724 ἓν
506 657 602 724 τοῦτο
623 657 768 734 παντελὲς
788 654 839 732 όν,
861 657 914 722 ναί
933 652 1031 741 πάντη
1053 657 1168 722 ἑαυτοῦ

78 764 237 853 τριαόινόν
253 764 407 850 ὑφεσταλς,
428 764 468 840 ὡς
482 766 535 830 ναί
548 766 582 830 έν
598 763 705 858 ἑκάστη
721 767 780 830 τῶν
796 765 884 849 τριῶν
895 757 1035 847 μονάδων
1049 763 1167 838 ένόντος

79 877 139 942 τοῦ
158 873 327 958 τριαδαισῦ.
356 873 436 947 ἸΚαί
456 871 512 958 γάρ
531 875 565 938 όν
579 882 649 947 ’τοῖς
669 870 819 956 όριδμαίς
839 874 872 936 αῖ
892 865 1020 936 ἑκάστου
1038 867 1168 954 μονάδες

48 1041 50 1046 ,
81 982 142 1050 οὖν
162 983 239 1050 εἰσίν
259 979 423 1067 ἀδιάφοροι
447 976 525 1064 πρός
550 978 603 1056 τὰς
633 983 694 1045 τῶν
721 977 836 1058 άλλων,
869 975 940 1044 ἀλλ’
972 982 1006 1044 αῖ
1030 974 1085 1063 μὲν
1111 981 1168 1060 τὴς

79 1085 205 1175 τριάδος
218 1088 372 1173 ,τριαδιιιαί
387 1113 458 1167 πως,
479 1091 513 1152 αἱ
532 1085 566 1154 δὲ
580 1083 798 1171 τῆςτετράδος,
818 1086 989 1172 τετραδιναλ
1001 1088 1041 1163 8),
1062 1086 1093 1152 εἴ
1110 1111 1166 1167 τις,

79 1191 155 1286 ’όπερ
176 1201 267 1282 ἔφην,
288 1197 340 1262 καί
360 1199 414 1277 τῆς
433 1198 653 1281 παμμεγέθους
669 1197 782 1280 ἐκείνης
800 1193 924 1279 τριάδος
934 1193 1078 1270 τοιαύτας
1093 1194 1167 1260 ὕπε-

81 1307 176 1393 λαβοι
195 1301 250 1382 τός
268 1301 419 1390 μονάδας,
455 1303 494 1379 ὡς
514 1303 594 1370 εἶναι
612 1304 664 1370 ναί
684 1299 798 1379 ταότας
828 1303 881 1388 σόη
899 1301 1006 1378 ἁπλῶς
1022 1301 1167 1387 μονάδας,
1250 1311 1252 1319 ’

81 1411 161 1483 ἄλλό
179 1410 300 1501 τριάδος
319 1407 453 1496 μονάδας
473 1408 681 1494 ἰδιοτρόπους,
710 1409 785 1498 τάχα
805 1407 845 1476 άν
871 1414 904 1475 έν
923 1415 967 1496 τῷ
986 1411 1030 1477 ἑνί
1049 1415 1093 1497 τῷ
1111 1414 1168 1497 τὴς

81 1520 204 1609 τριάδος
224 1523 339 1604 ίνείνης
357 1516 517 1606 περιλάβοι
545 1521 596 1585 ναί
625 1515 684 1604 τὴν
713 1509 790 1605 όλην
819 1518 875 1584 τοῦ
905 1522 1016 1604 νοητοῦ
1036 1515 1167 1605 πρόοδον

82 1635 127 1706 είς
146 1627 272 1756 τριάδρς
290 1639 385 1714 τρεῖς,
405 1625 478 1694 οὐδὲ
491 1619 595 1702 ,οὕτως
615 1624 888 1712 ἇφιοταμίνηντὴς
900 1631 1011 1702 οἰκείας
1026 1609 1167 1704 ἕνάσεως.

81 1743 196 1806 Καίτοι
216 1730 294 1802 οότω
315 1760 349 1820 με
369 1731 443 1800 οότε
462 1729 498 1800 τό
516 1730 668 1818 ἡνωμένον
687 1735 772 1800 ἔσται
793 1731 853 1820 πρό
875 1734 933 1799 τοῦ
947 1729 1012 1810 ἑνός
1029 1759 1084 1798 του
1067 1732 1167 1800 δευ-

82 1846 172 1929 τέρου
192 1838 228 1939 τό
249 1835 410 1969 πρότερον,
440 1833 537 1923 ὥςπερ
564 1838 707 1908 έδόκει’
691 1851 816 1926 απορεῖν
838 1839 857 1902 ό
884 1837 989 1926 λόγος·
1018 1842 1088 1918 έξει
1106 1835 1166 1925 γάρ
1271 1875 1273 1878 ·

81 1947 195 2037 ἑκάστη
217 1946 311 2035 μονάς
330 1953 364 2016 έν
380 1952 422 2042 τῇ
438 1951 548 2078 όαρτῆς
560 1945 647 2026 τάξει
658 1975 695 2015 το
684 1944 906 2035 τριαδωιον,
890 1951 938 2036 εφ’
949 1951 1059 2081 έριυτὴς
1071 1937 1165 2014 οὗτοι·

81 2069 226 2143 φανεῖται
247 2053 302 2143 γάρ
321 2055 357 2122 τό
377 2061 410 2122 ἓν
429 2051 488 2139 πρό
508 2059 570 2122 τῶν
598 2054 697 2122 ἄλλων
723 2051 892 2141 τριαδινόν,
923 2082 975 2121 ιωιι
1002 2081 1042 2121 τα
1033 2052 1167 2122 πολλά

81 2164 237 2250 δεύτερον,
257 2163 309 2229 καί
329 2168 429 2249 τρίτον
449 2163 501 2228 ἐπί
520 2159 639 2239 τούτοις
658 2161 695 2228 τό
708 2161 875 2249 ἡνωμένον·
907 2152 1053 2239 καλόλος
1070 2163 1127 2248 μέν
1147 2163 1165 2228 ό

80 2269 184 2360 πατὴρ
205 2260 267 2356 όλῳ
294 2269 337 2356 τῷ
354 2272 456 2354 νοητῷ
483 2267 728 2355 συνταχθὴσεται
748 2265 801 2335 διό
821 2271 914 2356 μέσης
934 2261 1007 2355 Ιόλης
1031 2272 1087 2354 τῆς
1105 2268 1165 2336 δυ.

81 2379 212 2466 νόμεως,
233 2377 250 2444 ὃ
270 2374 386 2473 είςιδιά
406 2380 476 2462 μιᾶς
495 2380 540 2462 τῷ
558 2378 616 2457 ἑνί,
636 2375 725 2444 πόλιν
744 2376 778 2444 δὲ
799 2377 978 2465 ὃτριπλοῦς
991 2381 1035 2464 τῷ
1046 2378 1164 2464 τριπλῷ

80 2488 137 2556 διό
162 2492 218 2573 τὴς
243 2483 384 2574 τριπλῆς·
421 2484 490 2552 οὐδὲ
511 2483 549 2572 δὴ
577 2482 614 2552 τό
641 2487 793 2573 ἡνωμένον
819 2484 1084 2570 διασπασθήσεται
1109 2487 1166 2573 εἶφ’

82 2601 198 2666 ἑαυτοῦ
218 2601 260 2672 εἰς
280 2607 361 2680 τρεῖς
378 2593 523 2680 μονάδας·
549 2599 631 2680 μένει
650 2592 706 2683 γάρ
725 2593 878 2681 ἡνωμένον
896 2594 1046 2678 ὡςαότως,
1065 2598 1117 2664 καὶ
1136 2601 1167 2664 τί

58 2723 61 2732 ’
81 2702 260 2792 προφὴνειεν
278 2707 312 2784 ἐν
332 2705 430 2787 ἑαυτῷ
449 2702 487 2770 τό
506 2701 659 2790 τριαδικόν
678 2701 830 2790 ἡνωμένον
848 2703 953 2790 πολλῷ
971 2700 1113 2790 μειζόνως
1129 2701 1165 2772 τό

81 2821 116 2882 ἓν
134 2817 216 2899 μένει
235 2819 268 2878 έν
294 2815 453 2896 τριοῠχον,
483 2811 574 2896 ναίὴ
597 2807 734 2895 1δυ’ναμις
763 2811 886 2896 ὁμοίως,
920 2818 947 2879 εί
967 2815 1019 2880 ναί
1037 2810 1165 2899 τριφυὴς

80 2925 235 3006 εἰιφανείη.
275 2920 348 2986 Καί
360 2923 426 2995 πῶς
446 2913 482 2983 τό
504 2926 535 2984 ὲν
555 2921 639 2984 έσται
660 2919 826 3002 τρωτλοόνς
846 2916 868 3008 ἡ
887 2913 937 2987 ότι
955 2926 988 2986 έν
1008 2917 1060 3002 όν,
1083 2911 1170 3005 ὅμως

81 3030 166 3117 ιἰριιεί
184 3025 258 3110 πρός
277 3023 314 3092 τό
338 3025 489 3111 τριπλοῦν
516 3031 571 3092 τοῦ
595 3026 749 3110 ἡνωμένον
755 3056 767 3106 ,·
801 3031 894 3094 τοῦτο
923 3028 978 3112 μὲν
1004 3028 1063 3115 γάρ
1087 3030 1164 3095 έστω

80 3132 260 3222 τριπλοννε
242 3136 392 3219 ηνωμένον
406 3131 473 3214 ⁹)‘
450 3159 490 3209 ως
496 3131 862 3262 ρίρηταίτινατριπλόηρ.
882 3160 918 3201 το
906 3130 966 3202 δὲ
978 3140 1040 3201 ἐν’
1025 3139 1163 3268 επιστρέ-

81 3271 133 3330 φει
148 3242 253 3330 πρός“
238 3239 330 3310 εαυτό
347 3239 402 3328 τὴν
418 3236 503 3310 δὲ
467 3267 522 3322 την
541 3234 747 3329 τριπλόην,’
723 3267 798 3307 ωστε
812 3239 850 3308 τό
864 3247 897 3306 έν
910 3240 987 3308 ’κατά
1003 3238 1044 3309 τό
1057 3250 1091 3312 ἓν
1104 3247 1163 3329 ἔχει
1180 3264 1244 3381 μορ.

80 3377 118 3420 το
109 3351 276 3437 τριπλοῦν
289 3345 516 3434 ἐμφαινόμενον.
546 3353 612 3415 Καί
622 3345 661 3436 δὴ
673 3350 757 3434 ναίη
747 3343 954 3433 δόναμις,“’
935 3375 987 3416 ατε
997 3342 1122 3428 δυάς
1085 3377 1163 3418 ουσα

79 3465 123 3546 τῷ
142 3459 196 3544 μὲν
215 3459 261 3527 ἑνί
280 3461 488 3547 συμφερομένη
508 3454 642 3542 ένοειδὴς
663 3463 804 3542 γίγνεται,
824 3485 866 3542 την
852 3455 920 3522 δε
938 3456 1077 3544 ἡνωμένη
1098 3485 1163 3546 τρι-

79 3569 146 3650 πλῆ
165 3563 414 3651 συμφαντάζετυι.
435 3561 510 3641 δυόις
530 3561 590 3650 ι’ίρα
610 3565 692 3631 ἐστίν
717 3566 848 3650 ἐνμέσῳ
869 3562 927 3631 τοῦ
946 3561 1013 3642 ἑνός
1036 3565 1088 3632 ναί
1108 3571 1164 3656 τὴς

148 3771 180 3840 8)
204 3770 309 3838 Verba,
335 3771 486 3846 τετρωδιναὶ
509 3787 540 3824 αι
561 3758 601 3854 he·
616 3792 633 3825 ν
649 3773 724 3835 ιιίδις
746 3774 844 3829 ἰσεΙαε.
867 3775 942 3829 Mon.
962 3771 1107 3864 ahiham
1134 3776 1162 3828 in

79 3843 179 3898 Hamb
198 3853 223 3894 et
240 3842 284 3895 W.
306 3856 360 3894 non
378 3843 514 3924 leguntur.
576 3841 620 3895 εἰσ
668 3859 712 3895 on.
732 3843 940 3911 ναὶναῦταοόχ
958 3841 984 3897 ἃ.
1017 3841 1046 3896 In
1064 3812 1161 3898 Ηάωί)

78 3913 145 3967 ἄλλό
163 3907 296 3997 τριάδος
285 3921 326 3963 ua
342 3911 486 3978 scribitur,
504 3922 534 3962 σε
550 3911 628 3964 etiam
645 3909 699 3964 ἄλλ’
719 3912 843 3986 άρτιάδσς
859 3914 950 4005 legere
968 3912 1065 3985 ροτείι.
1086 3915 1160 3968 Mon

77 3983 150 4036 infra
169 3979 220 4048 όίω
237 4001 273 4050 τρι
290 3982 324 4048 νῷ
349 3983 414 4066 (pro
433 3981 534 4048 νοητῷ)
560 3986 748 4047 maffia·
712 3988 831 4071 -9)
831 3986 907 4038 Mon.
933 3983 965 4051 ἡν
1048 4003 1063 4034 ν
1087 3983 1162 4054 quod

78 4052 222 4134 ρετιίεερ.
269 4049 386 4106 {dem
358 4069 405 4115 την
414 4061 486 4138 post
502 4048 578 4117 τὴνδε
596 4066 649 4104 non
669 4050 752 4106 habet
769 4064 804 4110 et
812 4073 877 4108 ωστε
894 4070 946 4126 pro
963 4003 1022 4107 οόλι
1038 4072 1062 4105 τ.
1079 4073 1100 4107 ι.
1116 4053 1160 4108 όε

79 4121 137 4188 dit,
157 4133 183 4174 ει
199 4117 313 4174 inferius
331 4118 393 4173 σιδλ
411 4118 523 4190 ὁρίζεται
542 4118 618 4191 legit.
