2770 4840
236 255 249 306 1
258 253 303 369 92

231 427 481 516 άναέεθείιιοιμεν.
513 433 578 498 Καὶ
599 437 644 499 ε”τι
663 437 766 516 μέντοι
785 428 824 498 τά
846 432 915 500 τότε
936 432 1185 518 συλλογισθέντα
1213 434 1325 519 ῥαδίως

230 544 282 608 ἐπὶ
307 541 346 606 τᾶ
379 547 437 606 νῦν
469 538 635 625 δεδογμένα
667 535 876 625 μετοίσομεν·,
893 538 993 608 πάντα
1023 540 1080 628 γάρ
1109 532 1148 627 ήν
1175 540 1324 629 λεγόμενα

228 653 329 716 εἰιεῖνιι
359 654 430 734 περὶ
460 655 531 716 τοῦ
560 653 712 734 πρώτου
738 655 901 735 μικτοῦ’
926 654 1084 732 πρῶτον
1115 649 1157 716 δὲ
1177 647 1324 731 μικτόν

228 759 260 821 ἒν
288 769 353 832 τοῖς
381 760 440 824 νῦν
459 754 498 842 δή
519 762 636 844 πέφηνε
656 758 759 845 λόγοις
779 755 816 825 τό
836 757 897 847 πρὸ
917 761 974 824 τοῦ
994 755 1063 834 ἑνός
1082 760 1133 824 καὶ
1152 761 1210 823 τοῦ
1232 755 1325 834 ὄντος

230 865 296 932 οἷον
319 868 550 950 συναμφότερον.
809 859 814 881 '
1094 870 1098 877 '

141 974 216 1058 Cap.
305 973 393 1040 Ἐπεὶ
415 964 469 1041 οὗν
490 979 533 1060 τῷ
553 971 633 1061 λόγῳ
653 973 857 1060 ἐπισπώμενοι
878 970 957 1040 ιιατόι
976 968 1068 1055 φάσιν
1086 971 1340 1060 ἀναβεβήκαμεν

154 1075 204 1127 70’
229 1085 278 1148 ε’πί
299 1079 354 1168 τήν
374 1078 555 1168 σεμνοτάτην
575 1085 628 1149 καὶ
646 1081 780 1166 μάλιστα
806 1082 960 1168 ἡνωμένην
981 1081 1120 1167 κορυφήν
1140 1086 1195 1168 τής
1221 1083 1325 1158 ὁπως-

87 1251 90 1255 ,
144 1161 206 1264 διεδ.
228 1189 342 1274 δήποτε
362 1189 573 1274 διαιρουμένης
593 1193 653 1254 τῶν
672 1187 855 1276 πραγμάτων
875 1185 1077 1268 ὑποστάσεως,
1098 1193 1170 1272 φέρε
1186 1194 1254 1267 νῦν,
1278 1188 1323 1254 τό

226 1297 368 1382 νοητὸν
389 1297 518 1383 αὐτῆς
535 1287 618 1371 όπως
641 1296 781 1382 λέγομεν,
801 1301 832 1362 ἕν
852 1294 921 1389 δίκη
942 1295 1122 1380 ζητήσωμεν.

298 1400 368 1471 ΙὈτι
389 1405 445 1489 μὲν
465 1412 570 1471 τοίνυν
591 1401 659 1470 οὔτε
681 1401 753 1499 δόξη
780 1402 853 1469 οὕτε
881 1402 1002 1488 διανοίᾳ
1027 1401 1096 1468 οὕτε
1124 1409 1168 1487 νῷ
1192 1407 1236 1488 τῷ
1256 1425 1323 1487 ηια-

224 1521 315 1598 χιιιῷ,
333 1509 414 1578 ὀάτε
439 1512 543 1597 νοήσει
570 1508 646 1595 μετά
672 1503 766 1597 λόγου
792 1509 998 1596 περιληπτὸν,
1024 1509 1092 1576 ἀλλ’
1113 1509 1182 1584 οὐδὲ
1203 1515 1240 1600 τῇ
1263 1517 1324 1577 τοῦ

224 1628 281 1689 νοῦ
307 1612 449 1688 παντελεῖ
476 1623 627 1708 περιωπῇ,
655 1607 728 1687 οότε
755 1623 800 1704 τῷ
827 1618 921 1685 άνθει
948 1622 1004 1684 τοῦ
1024 1625 1080 1686 νοῦ
1100 1620 1224 1706 αἱρετόν
1246 1618 1322 1686 οὔτε

224 1729 355 1819 ἐπιβολῇ
377 1723 465 1810 όλως,
489 1727 560 1797 οὕτε
580 1723 658 1794 ιιατόι
676 1731 829 1813 ἐπέρεισνν
850 1729 1016 1814 ὡρισμένην
1038 1725 1109 1794 οὔτε
1129 1726 1207 1794 κατά
1226 1739 1320 1813 περί-

224 1839 321 1923 ληψιν
343 1835 416 1904 οάτε
436 1835 505 1905 τἰνά
526 1838 666 1904 τοιοῦτον
685 1833 797 1924 τρόπον
817 1841 912 1903 ἐκεῖνο
940 1833 1074 1920 γνωστόν
1089 1838 1134 1918 ¹),
1158 1863 1320 1932 συγχωρη-

224 1953 292 2013 τέον
308 1948 405 2012 ταῦτα
427 1947 562 2026 ιἰξιοῦντι
583 1950 627 2032 τῷ
646 1941 767 2030 μεγάλῳ
783 1943 1006 2031 Ἰαμβλίγῳ·
1028 1948 1150 2029 πρῶτον
1162 1945 1203 2012 ,δὲ
1220 1947 1320 2014 αι’ντδν

222 2059 393 2139 ε’ρωτητέον,
416 2052 546 2138 πότερον
559 2055 588 2134 ²)
612 2051 687 2118 αὐτὸ
709 2048 844 2139 γνωστόν
865 2053 943 2119 εἶναι
964 2043 1117 2138 φήσομενς
1145 2059 1318 2124 καὶτοῦτο

221 2163 319 2234 αὐτοῦ
338 2163 417 2230 εἶναι
435 2159 473 2229 τό
493 2160 605 2248 νοητόν
625 2159 661 2228 τό
681 2157 811 2243 νοήσεως
832 2159 1100 2250 ἇποπληρωτιιιδν,
1135 2167 1188 2248 τῆς
1207 2169 1318 2248 μέντοι

218 2275 373 2358 ήνωμένης
393 2274 445 2338 καὶ
464 2265 523 2354 πρό
540 2269 662 2336 πάντων
676 2276 736 2336 τοῖιν
757 2267 921 2354 ἑννοήοεων
939 2274 972 2337 ἒν
991 2275 1047 2361 μιήι
1067 2270 1217 2357 ἁπλότητι
1236 2299 1316 2360 νοη.

210 2388 257 2474 ,vj
283 2381 589 2468 προόποτιθεμένηςς
616 2375 637 2460 ἢ
666 2377 819 2465 άγνωστον
847 2381 903 2463 μὲν
924 2372 977 2444 άτε
992 2382 1033 2468 τῇ
1054 2377 1215 2467 ἀπορρήτῳ
1238 2383 1318 2472 ὀρχῇ

219 2493 271 2555 καλ
305 2487 437 2574 τάγαθῷ
468 2480 507 2563 ὥς
536 2512 613 2570 φησι
641 2486 863 2574 περιπεπηγός,
903 2487 1161 2572 ἀποπληρωτικόν
1188 2489 1222 2556 δὲ
1253 2499 1317 2559 τοῦ

220 2601 275 2665 νοῦ
296 2599 349 2662 καὶ
370 2591 560 2681 γέννητιιιόν,
579 2598 611 2658 ἒν
631 2593 781 2683 τᾶγαθοιῖ
798 2601 889 2677 μοίρᾳ
909 2591 986 2678 πρός
1006 2591 1098 2661 αὐτόν
1118 2604 1318 2682 τεταγμένον,

219 2710 272 2772 τισὶ
298 2701 333 2770 τό
352 2709 413 2770 τοῦ
433 2706 492 2770 νοῦ
519 2699 645 2786 ὀρεκτόν
666 2703 744 2768 εἷναι
765 2699 969 2788 βουλόμενόν,
988 2709 1043 2768 νοῦ
1063 2704 1096 2768 δέ
1119 2705 1176 2789 οὐχ
1195 2707 1236 2780 ὡς
1258 2735 1316 2772 νο-

220 2820 330 2891 οῦντος
350 2811 424 2880 ἄλλ’
448 2813 487 2888 ὡς
510 2809 606 2887 ὄντος.
636 2805 717 2879 ιὈτε
738 2812 795 2898 γάρ
815 2811 909 2896 ἀνήρ
934 2805 1049 2888 οὗτος
1071 2815 1117 2896 ἐφ’
1131 2815 1160 2892 3)
1181 2814 1317 2902 ἑκάτερα

217 2924 301 2990 δοκεῖ
319 2925 488 3008 φέρεσθαι,
510 2919 630 3004 μᾶλλον
651 2918 684 2985 δὲ
703 2920 784 3007 ήμᾶς
805 2916 959 3004 φέρεσθαι
979 2932 1062 2987 ποιεί
1080 2924 1151 3004 περὶ
1165 2921 1219 3005 τήν
1237 2933 1318 3009 μίαν

216 3031 313 3099 αδτοῠ
332 3026 440 3115 νόησιν
459 3028 678 3113 μεριζομένοας,
700 3029 750 3092 καὶ
773 3028 789 3092 ὃ
810 3025 902 3112 λόγος
922 3033 950 3093 εἰ
969 3031 1077 3114 μέτρια
1088 3027 1315 3120 βασανισθείη,

215 3137 333 3222 πολλήν
354 3143 416 3216 ἔξει
436 3134 599 3220 περιολκήν
620 3133 694 3219 πρός
715 3130 874 3218 ἑκάτερον·
890 3171 927 3183 -
954 3135 1068 3200 Αὐτίκα
1082 3137 1216 3220 γνωστόν
1231 3139 1315 3208 εἶναί

216 3275 315 3335 φαμεν
335 3244 406 3332 τόγε
427 3244 478 3325 όν,
504 3249 599 3310 εἰτείνο
614 3245 642 3320 ⁴)
675 3242 708 3307 δὲ
722 3242 799 3331 ὑπὲρ
819 3241 855 3308 τό
879 3240 929 3320 ὃν,
950 3229 1001 3308 ιιιιλ
1019 3241 1056 3308 τό
1079 3239 1128 3322 ὃν,
1160 3237 1219 3326 ότῳ
1242 3245 1313 3316 όντι

216 3355 439 3438 ἄντιδιοίρισται
460 3350 495 3418 τό
516 3353 670 3436 ήνωμένον
691 3353 865 3433 ἴστάμενον,
902 3347 1000 3434 δπρό
1022 3350 1132 3433 ιἰμφοῖν
1152 3356 1309 3440 ἐτίθεμεν.

219 3457 282 3531 ofin
296 3461 355 3548 ἄρα
367 3457 501 3548 γνωστόν
521 3455 608 3542 όλως,
629 3452 678 3523 ότι
700 3456 777 3543 μηδὲ
798 3455 835 3523 όν
853 3457 963 3532 ἁπλῶς.
983 3456 1051 3523 Ἔτι
1072 3464 1100 3524 εί
1119 3459 1257 3539 γνωστόν
1273 3466 1313 3532 τό

203 3563 273 3660 »πρὸ
295 3570 420 3648 οὐσίας,
441 3563 586 3653 γνωστική
608 3563 645 3629 άν
665 3564 713 3650 εἴη
734 3591 799 3640 πως
819 3571 870 3630 καί
890 3564 910 3649 ή
933 3563 1039 3643 οὐσία,
1059 3571 1110 3630 ἵνα
1130 3568 1208 3650 μετὰ
1226 3570 1308 3649 γνώ.

215 3707 289 3757 σεως
309 3680 474 3769 έπιστρέφη
495 3668 571 3757 πρός
591 3669 627 3738 τό
648 3669 788 3756 γνωστόν.
806 3668 898 3736 Ἀλλά
919 3679 1021 3754 τρίτον
1042 3668 1104 3738 άπό
1125 3683 1177 3754 τῆς
1199 3677 1309 3756 οὐσίας

212 3788 249 3858 τό
276 3783 438 3876 γνωστικδν
470 3785 522 3848 καί
553 3781 568 3846 ὃ
597 3785 688 3862 νοῦς,
713 3785 789 3865 μέση
816 3778 850 3844 δὲ
875 3778 989 3864 α’μφοῖν
1007 3778 1037 3862 ή
1066 3777 1125 3866 ζωή
1155 3786 1205 3848 καὶ
1227 3786 1306 3874 αὐτή

293 3889 299 3900 ο

286 3931 310 3990 ι)
330 3921 428 3975 Ηετολ).
447 3922 474 3973 in
493 3931 565 3972 textu
583 3917 697 3986 ληπτὸνς
724 3920 759 3972 εδ
777 3911 860 3990 ἷαοτρ.
880 3939 920 3988 γρ.
941 3919 1063 3988 γνωστόν·
1104 3950 1136 3959 ··
1179 3927 1208 3990 ²)
1229 3929 1302 3981 M00·

211 3995 345 4067 πρότερον.
372 3991 426 4044 Pro
445 3995 495 4060 πρὸ
514 3987 616 4042 πάντων
633 3990 653 4040 f.
673 3987 693 4042 l.
712 3991 800 4042 πασῶν
818 4010 842 4040 τ.
863 3995 912 4042 ένν.
952 3989 1023 4039 ΜΘΗ·
1042 3989 1138 4042 deinde
1154 3995 1186 4064 τῇ
1206 3995 1301 4069 ἇπορῤ

212 4063 277 4138 ἀρχὴ
297 4064 368 4128 stig)
386 4074 414 4114 et
431 4060 532 4114 Hamh.
552 4058 740 4127 περιπεπληγός
761 4071 787 4110 et
805 4057 1065 4128 άπαιτίηριιματιιιὸν.
1101 4088 1135 4100 -
1174 4063 1206 4130 5)
1226 4068 1299 4122 Mon.

141 4163 150 4178 ,
211 4136 254 4208 ‘²5²'
275 4140 310 4188 gx,
338 4160 371 4173 ...
406 4135 436 4196 1,)
456 4131 530 4184 Mon.
552 4134 652 4187 ἐκεῖνος.
679 4128 778 4182 flamb-
798 4131 841 4179 καὶ
860 4130 891 4180 τὸ
911 4128 956 4190 ὅν»
975 4125 989 4179 ὅ
1007 4130 1043 4196 Τῷ
1064 4126 1120 4182 &vva
1138 4129 1196 4189 ἀπ’
