2770 4840
1095 271 1164 330 215

80 441 146 516 οὖσα
162 454 212 517 καί
232 451 438 534 διεσπασμένη
460 455 515 535 τῆς
537 455 650 526 οἰκείας
671 456 790 529 αἰτίας,
826 447 898 516 οὔτε
918 450 940 535 ἡ
961 453 1019 516 τοῦ
1039 448 1164 532 προίτου

78 563 215 641 φόσιςίτ
242 563 287 644 τῷ
322 565 414 643 τρίτῳ
454 569 691 624 καταπεπωκοῖα
720 558 776 643 τὴν
802 557 952 642 πρόοδον,
981 557 1054 624 οὐδὲ
1083 563 1164 624 ἐοῖσα

77 667 254 752 παραλλάξαι
283 665 318 733 τό
350 662 528 751 προελθὸν,
554 669 605 732 καί
633 665 710 732 αιἰτό
739 662 759 733 ὅ
785 667 905 746 λέγεται
929 665 1094 752 προελθεῖν
1120 673 1164 742 είς

76 772 140 841 ιἰλλο
168 779 271 856 γένος·
301 774 371 841 ἀλλ’
400 777 432 850 ἐξ
464 774 579 858 ἀμφοῖν
608 774 674 839 οίον
697 779 852 862 στοιχείων
873 772 909 839 τό
932 780 1032 860 τρίτον
1052 772 1163 838 ἀπετε-

76 882 163 969 λέσθη
201 889 347 969 χίννημιιι
360 886 414 949 τοῦ
437 879 560 967 προίτου
581 881 719 966 γνήσιον,
753 886 803 948 καί
834 880 958 967 όφίρει
987 879 1042 966 τὴν
1071 877 1163 964 φύσιν

77 993 177 1076 ἐκείνην
198 997 231 1058 ἐν
252 995 288 1080 ’τῆ
309 993 421 1056 ἑαυτοῦ
442 987 642 1075 παραλλάξει.

139 1172 182 1240 Ἡ
203 1170 237 1236 δὲ
263 1167 483 1256 ἐπιστροφὴ
513 1174 658 1248 σύστασίς
685 1173 715 1246 2)
744 1176 807 1237 ἐστι
835 1175 887 1238 καί
916 1171 1086 1260 περιγραφὴ
1104 1175 1161 1238 τοῦ

75 1286 163 1360 τρίτου
190 1282 270 1344 καθ’
302 1275 378 1344 αὑτό
406 1282 639 1364 θεωρουμένου,
677 1276 751 1345 cuivs
781 1279 821 1356 ὡς
848 1283 992 1364 μένοντος
1019 1275 1090 1346 οίίτε
1121 1277 1161 1356 ὠς

74 1391 238 1471 προϊόντος,
265 1385 438 1472 μᾶλλονδὲ
460 1393 564 1463 ἕνωσίς
584 1392 649 1454 ε’στι
670 1391 732 1453 τιῖν
753 1387 842 1456 δυοῖν
864 1397 1017 1474 στοιχείων
1037 1393 1081 1464 είς
1101 1379 1166 1453 όίλζ

74 1494 140 1580 λιχλα
159 1499 211 1562 καί
233 1495 404 1580 ἐπιστροφὴ
427 1501 481 1561 τοῦ
502 1495 674 1581 προοδικοῖι
695 1503 740 1571 είς
761 1496 797 1563 τό
819 1493 963 1582 μόνιμον,
989 1501 1068 1564 καθ’
1089 1493 1160 1582 {issi

74 1608 162 1686 κρᾶσις
181 1608 243 1670 τῶν
263 1600 321 1669 δύο
342 1610 513 1686 στοιχείων,
535 1607 613 1668 καθ’
633 1599 673 1689 ἢν
693 1609 800 1691 κρᾶσιν
821 1605 838 1669 ὃ
858 1604 1010 1691 χαρακτὴρ
1030 1609 1160 1691 ἐπιγίνε-

74 1738 115 1776 ται
133 1713 180 1778 καί
199 1708 237 1776 τό
260 1710 342 1787 εἶδος
362 1714 417 1776 τοῦ
439 1718 557 1794 τρίτου.
587 1709 704 1799 Διόπερ
723 1711 745 1797 ἡ
768 1713 936 1798 ἐπιστροφὴ
958 1717 1009 1778 καί
1024 1717 1080 1780 τοῦ
1095 1719 1161 1794 τρί-

73 1845 119 1883 του
144 1825 207 1886 ἐστι
232 1819 347 1904 μόνου·
376 1821 540 1886 καὶτοῦτο
567 1824 623 1904 μέν
651 1845 700 1886 τοι
722 1818 870 1896 ίόιοποιὸς
890 1819 1011 1907 λέγεται
1032 1825 1084 1887 καί
1104 1822 1159 1888 τοῦ

74 1925 272 2014 προελθόντος
299 1929 351 1993 καί
373 1934 476 2011 τρίτου
497 1933 541 2003 είς
562 1927 598 1993 τό
619 1931 755 2012 πρῶτον,
777 1922 826 1992 ότι
849 1925 884 1992 τό
906 1927 1059 2011 προελθὸν
1080 1929 1158 1994 κατοί

74 2031 101 2098 τό
128 2039 215 2119 μένον
237 2039 270 2100 ὲν
298 2039 340 2119 τῷ
358 2032 469 2120 πρώτῳ
491 2039 570 2101 ἐστι·
598 2037 648 2099 ναί
680 2034 753 2123 όρᾷς
775 2025 823 2101 ότι
843 2041 909 2100 κατ’
930 2034 1039 2103 οὐσίαν
1060 2040 1092 2102 ἓν
1113 2035 1158 2120 ’τῷ

74 2150 150 2228 τρίτῳ
170 2141 209 2209 τό
229 2150 296 2227 τρία
318 2143 369 2210 οἷα
390 2155 523 2229 στοιχεῖα
553 2146 755 2229 συγκέκραται
777 2140 936 2230 ἀλλήλοις,
954 2146 1006 2209 καί
1028 2139 1065 2208 τό
1088 2137 1159 2209 όλον

74 2248 105 2314 τό
124 2259 187 2338 τρία
207 2255 284 2336 ἔχει,
312 2253 365 2314 καί
385 2248 463 2334 πρὸς
483 2277 517 2336 χε
539 2248 617 2316 αὐτό
637 2253 722 2343 τριχῇ
744 2255 873 2337 ἐνεργεῖ,
895 2255 987 2336 μένον
1006 2254 1039 2316 ἐν
1060 2254 1158 2335 ἑαυτῷ

74 2359 116 2422 καί
137 2357 244 2444 προϊὸν
272 2356 325 2441 ἀφ’
352 2361 463 2424 ἑαυτοῦ
491 2360 542 2424 καί
568 2353 825 2444 ἐπιστρεφόμενον
854 2357 930 2440 πρὸς
951 2360 1054 2424 ἑαυτό.
1078 2383 1158 2425 στοι-

74 2479 126 2547 χεῖα
154 2495 207 2555 χορ
238 2466 334 2534 αὐτοῦ
367 2471 424 2551 τῆς
453 2466 562 2543 οὐσίας
590 2464 629 2532 τὸ
650 2474 722 2552 τρία
743 2470 796 2532 καί
816 2473 860 2542 είς
882 2465 917 2534 τὸ
939 2461 1011 2533 όλον
1031 2473 1158 2532 ἕκαστον

74 2571 171 2656 όρὲῳαι
192 2581 237 2650 είς
258 2572 377 2654 ἄλληλα
395 2567 526 2640 ίίπαντα.
564 2578 664 2639 Μένει
687 2563 806 2638 οὖνὸιόι
828 2569 863 2640 τὸ
883 2571 1009 2659 μόνιμον
1029 2569 1065 2637 τό
1085 2569 1158 2638 ’όλον

73 2680 167 2750 suini
188 2685 279 2767 μέρη;
309 2684 360 2747 καί
382 2671 423 2746 αὖ
443 2679 561 2765 πρόεισι
583 2679 636 2746 διὸ
666 2681 702 2746 τό
730 2679 894 2769 προοδικόν
914 2684 966 2748 καί
987 2683 1158 2766 ἐπιστρέφει

57 2955 59 2960 .
133 2916 157 2972 τ)
178 2911 253 2969 Mon.
282 2913 313 2966 οὐ
334 2913 433 2974 στάσις.
459 2924 571 2983 uterquc
591 2913 689 2966 dsiuds
709 2914 841 2983 scriptum
859 2913 956 2966 habuit
973 2877 1159 2998 θεωρούμενόό

74 2978 115 3030 sic.
133 2979 231 3038 Postea
249 2979 322 3035 Μόα.
342 2983 432 3053 διόπερ
449 2982 465 3049 ἡ
483 2980 523 3034 λιι.
542 2983 649 3034 καὶτοῦ
667 2982 848 3054 προελθόντος
866 2981 988 3042 ἀνάτασις
1006 2986 1042 3042 είς
1057 3002 1089 3033 το
1106 2989 1159 3054 μί-“

74 3067 123 3114 νον,
149 3049 189 3102 ὅτι
205 3057 256 3106 τοῦ
280 3055 424 3123 προσδικοῦ
446 3057 473 3104 ἐν
495 3054 532 3118 τῷ
558 3055 700 3122 τρίτῳ“είς
716 3053 749 3104 τὸ
767 3056 793 3104 ἐν
811 3051 880 3120 uisui
898 3053 1027 3122 μόνιμον,
1047 3056 1090 3103 καί
1107 3057 1156 3106 τοῦ

73 3121 150 3186 τρίτου
167 3124 203 3183 είς
219 3117 253 3174 τὸ
270 3125 390 3193 πρῶτον,
414 3120 456 3174 ὅτι
481 3123 513 3172 τὸ
536 3120 672 3192 προελθὸν
694 3135 745 3174 eto.
787 3122 909 3174 Reflrxio
935 3135 975 3174 cst
993 3122 1154 3176 constitutio

74 3199 96 3237 st
112 3189 328 3263 circumscriptio
347 3189 432 3243 Tertii
457 3191 533 3242 inse
559 3209 571 3242 s
594 3191 689 3257 ectuti,
719 3208 789 3255 uon,
814 3207 868 3262 qus
891 3191 1035 3256 monentis,
1067 3210 1155 3262 neque

73 3273 117 3324 qus
131 3261 346 3333 progredienti83
373 3260 465 3334 potius
488 3276 554 3312 vcro
573 3211 671 3313 finitio
694 3273 734 3313 sst
758 3261 877 3313 duorum
900 3259 1011 3313 illorum
1036 3259 1109 3312 inter
1127 3279 1155 3314 se

74 3326 251 3384 elementorum
275 3343 381 3394 mutus,
408 3343 434 3382 et
459 3329 667 3400 Progressivum
689 3330 798 3401 quidem
824 3331 858 3381 sd
879 3329 981 3381 Stsbilc
999 3331 1155 3396 revertitur,

74 3412 193 3463 quacum
210 3400 369 3452 reversione
393 3401 520 3472 congruit
541 3400 635 3452 mixtio
653 3400 778 3451 binorum
797 3399 1002 3464 clementorum,
1031 3416 1090 3468 quus
1109 3418 1156 3453 no·

73 3474 116 3516 tm
133 3479 157 3519 ct
175 3469 290 3522 sormam
308 3469 394 3522 Tertii
419 3470 523 3538 sdjicit.
567 3469 628 3541 Qus
650 3481 748 3538 roptet‘
773 3469 885 3520 reflexio
909 3484 964 3522 uon
992 3467 1044 3519 nisi
1069 3469 1156 3521 Tertii

74 3534 147 3586 solius
174 3551 234 3600 cst,·
256 3539 376 3609 ideoque
423 3539 578 3610 rupriststis
600 3487 719 3590 είόοίιιιε
741 3537 844 3589 dicitur
862 3550 888 3590 et
906 3537 1021 3589 intensio
1040 3539 1096 3590 sive
1114 3557 1155 3589 rs-

74 3606 149 3658 torsio
167 3606 312 3680 Progressi
331 3609 367 3660 ud
416 3625 514 3674 urens,
561 3607 671 3660 uonisrn
689 3625 721 3659 cu
737 3606 883 3660 reflexione
902 3606 1109 3678 Progressivum
1128 3607 1155 3658 in

74 3669 172 3742 Tertio,
194 3678 229 3729 sd
247 3677 292 3743 id,
313 3678 389 3749 quod
408 3679 436 3728 in
455 3693 487 3728 eo
505 3627 604 3730 εῑόόίίε
624 3689 743 3740 constat,
768 3677 956 3744 convertitur3
983 3674 1095 3729 reflexio
1114 3688 1155 3727 est

73 3746 182 3818 reversio
208 3759 234 3799 et
256 3747 372 3800 intensio
398 3747 482 3798 Tertii
506 3747 541 3798 ud
559 3745 696 3810 Primum,
725 3746 788 3816 quis
807 3744 1003 3815 Progressum‚
1023 3744 1154 3798 muucndo

73 3811 214 3882 tuPrimoj
234 3835 296 3868 vere
316 3818 422 3870 demum
440 3828 489 3868 cst.
525 3816 630 3868 Exinde
649 3817 754 3886 liquet,
776 3815 846 3866 trinu
864 3815 912 3868 illu
932 3815 959 3864 in
977 3815 1070 3867 Tertio
1089 3826 1155 3868 turu-

73 3895 140 3996 φιοω
158 3884 286 3954 ςΙειοειιιε
304 3903 357 3968 pro
370 3885 524 3939 substantia
543 3903 589 3937 seu
609 3885 778 3938 substantive
797 3886 866 3936 inter
886 3902 913 3935 se
930 3885 1154 3950 commixturam,

92 3962 212 4024 utumque
235 3957 286 4009 tris
304 3957 352 4010 illu
376 3955 514 4008 insinusts
539 3954 660 4020 habero,
691 3953 875 4022 trifariamque
898 3955 1011 4022 iusuper
1035 3953 1155 4024 operari,

74 4031 169 4074 muneris
186 4025 214 4075 in
232 4042 281 4090 ss,
305 4038 330 4078 ct
346 4025 479 4096 prodiens
498 4043 512 4077 s
531 4041 574 4088 se,
604 4023 720 4093 denique
739 4023 864 4074 reflexum
884 4023 923 4072 sd·
937 4039 975 4074 se.
1018 4023 1158 4076 Elementa

75 4088 133 4140 enim
150 4094 205 4158 ejus
226 4104 288 4146 sunt
306 4094 461 4148 substuntiss
479 4094 552 4146 trinu
568 4092 630 4155 itta,
656 4105 682 4145 ct
700 4109 782 4144 unu·
801 4091 919 4161 quodvis
938 4103 1023 4144 totum
1043 4111 1094 4162 per
1112 4109 1154 4144 cs-

75 4163 124 4210 tcrs
141 4162 228 4215 omniu
247 4163 380 4235 pertingit.
