2750 4840
1090 221 1152 278 151

63 405 144 468 ἐστιν
172 401 192 485 ἡ
221 405 345 485 συζυγία
373 401 590 487 θρυλλουμένη
618 403 678 464 τῶν
708 393 766 466 δόο
794 398 868 482 μετὰ
896 400 952 484 την
980 408 1051 483 μίαν
1080 399 1158 462 διιο-

61 511 203 592 κειμένων
225 508 323 592 ἇρχιῖιν
342 512 479 593 νοητῶν,
509 498 587 572 δίστε
613 509 664 570 καὶ
685 508 779 580 εἴτις
798 505 985 572 δποτίθοιτο
1010 514 1083 590 μίαν
1104 506 1157 588 μέν

62 612 141 678 εἶναι
167 611 225 692 τὴν
245 608 304 698 πρό
327 615 384 697 τῆς
410 617 521 698 νοητῆς
538 611 659 698 τριάδος
683 611 795 698 ἀρχὴν,
822 611 935 698 ταύτην
956 611 990 676 δὲ
1010 611 1066 696 την
1086 620 1157 696 μίαν

61 721 138 788 οὖτδ
167 721 247 788 εἶναι
275 718 311 788 τό
338 719 440 786 ποίντα
472 727 511 786 έν.
542 725 633 785 τοῦτο
659 717 714 806 γὰρ
741 719 820 784 εἶναι
846 724 897 788 καὶ
920 718 954 786 τό
976 721 1157 806 ἀπόρρητον,

61 823 143 896 οότω
163 827 198 896 δέ
222 830 274 894 καί
295 825 484 894 Πλάτωνα
506 828 605 912 λέγειν
626 832 658 894 ὲν
685 824 861 911 Φιλήβῳ,
881 825 935 904 τός
949 829 1002 910 μέν
1023 824 1078 892 δύο
1100 827 1157 908 ἆρ·

59 931 111 1020 χόες
140 937 263 1020 πέρας
290 936 421 997 τιθέντα
443 935 495 997 καὶ
517 931 705 1016 ἄπειρον,
736 930 773 998 τό
800 931 834 997 δὲ
852 927 887 998 δν
906 931 966 1022 πρό
989 933 1160 1011 τούτων,δ

14 1067 19 1080 ·
60 1045 108 1108 wi
138 1043 336 1127 ἐπιγίνεσθαι
362 1044 405 1125 τῷ
432 1041 527 1125 μικτῲ
549 1037 600 1105 τόν
629 1037 759 1128 ἄρ’ῥητον
782 1040 909 1126 τρόπον·
930 1035 1010 1106 οδτω
1034 1041 1089 1126 γόρ
1106 1045 1157 1108 καὶ

61 1150 191 1236 ἄρρητον
217 1148 320 1244 εἶναι,
339 1140 415 1214 ίόστε
443 1145 495 1213 διό
519 1151 580 1214 τῶν
611 1151 645 1213 ἐν
672 1144 845 1233 προθόροις
869 1147 970 1242 Ιαὐτοῖν
990 1149 1157 1235 ἱδρυμένων

64 1257 264 1342 γνωρίζεσθαι
290 1255 428 1342 μονάδων
454 1259 561 1341 τριῶν·
588 1247 748 1320 ἀλλόὶκαλ
777 1254 1032 1341 Πυθαγόραν
1058 1252 1157 1332 οίίτως

66 1362 164 1442 όξιοῦν
192 1360 229 1427 τό
246 1361 282 1427 ἓν
304 1365 497 1448 προτεθέντα
522 1360 657 1448 μονόδος
679 1365 783 1428 τεκαὶ
804 1361 917 1439 δυόδος
938 1367 991 1443 τῆς
1012 1363 1156 1450 ἀορίστου
1172 1407 1187 1418 ··

61 1473 236 1558 λεγομένης·
264 1465 344 1537 οδτω
370 1472 404 1537 δὲ
427 1471 553 1538 οἴεσθαι
573 1475 624 1536 καὶ
646 1469 768 1544 πάντως
793 1471 866 1548 νοός
892 1471 1156 1554 φιλοσόφους,

60 1589 86 1644 οἳ
113 1577 174 1662 πρό
206 1583 264 1644 τῶν
291 1577 378 1644 δυοῖν
397 1577 508 1645 ἐ’θεντο
530 1586 603 1662 μίαν
625 1577 726 1666 ἀργόν.
775 1577 868 1648 Ἀλλό
892 1583 944 1646 καὶ
966 1595 1032 1656 ταῖς
1052 1579 1156 1660 δόξαις

58 1693 114 1753 τῶν
136 1695 292 1772 μακαρίων
313 1686 448 1775 ἀνδροῖν,
470 1689 566 1764 εἴτις
587 1687 841 1773 ἐπαγωνιζόμενος
863 1687 960 1773 λέγοι,
983 1689 1021 1765 ὡς
1042 1696 1075 1755 αῖ
1097 1689 1155 1755 δόο

57 1795 136 1879 πρὸς
157 1793 295 1880 ἀλλήλας
313 1794 558 1880 ἀντιτετάχαται,
584 1791 644 1879 πρό
664 1790 698 1860 δὲ
719 1795 820 1880 πόσης
841 1795 1025 1872 ἀντιθέσεως
1053 1797 1100 1862 δεῖ
1120 1796 1156 1862 ιδ

57 1911 87 1969 ἓν
114 1899 283 1988 όπόργειν,
309 1901 356 1967 ἔτι
376 1901 464 1978 δὲίθ)
494 1901 730 1986 ἔπιμαρτόροιιο
757 1899 814 1986 τήν
839 1901 942 1988 κοινην
963 1903 1081 1970 ἐἰνοιαν
1104 1910 1156 1970 καὶ

58 2010 112 2093 τὴν
135 1999 197 2077 ὖπδ
219 2010 516 2096 Ἀριστοτέλους
536 2015 769 2096 ἐπαινουμένην,
785 2011 1000 2097 Ὁμηρικὴν
1020 2013 1154 2095 ἇποφαί-

58 2147 136 2200 νειν,
161 2119 219 2185 οὐκ
240 2114 365 2204 ἀγαθόν
385 2119 463 2184 εἶναι
483 2119 720 2205 πολυκοιρανίην
742 2117 945 2199 δοξόζουσαν,
967 2121 1018 2186 ir&
1039 2122 1072 2186 δέ
1093 2129 1153 2204 βα·
1168 2128 1194 2174 ⁰·
1209 2110 1252 2182 7³·

58 2231 145 2294 σιλέα
175 2233 235 2292 τῶν
262 2221 342 2291 όλων
362 2229 573 2303 καθέξουσαν·
596 2226 729 2311 οἷνόγκην
752 2226 809 2312 γόρ
831 2225 964 2294 ἔσεσθαι
984 2226 1061 2293 κατὰ
1081 2235 1154 2294 τοδ-

2 2332 6 2373 5
57 2363 109 2404 τον
132 2333 186 2401 τόν
207 2335 312 2418 λόγον,
334 2334 411 2400 αὐτό
435 2361 466 2420 γε
491 2334 525 2398 τό
547 2334 586 2409 ὡς
609 2333 739 2418 ἀληθῶς
757 2334 791 2398 ἓν
813 2334 910 2420 ἄρχειν
931 2339 991 2401 τῶν
1011 2334 1153 2422 πραγμιί-

57 2471 115 2510 των
143 2445 298 2507 ἁπάντων.
324 2440 373 2505 διὸ
409 2445 461 2506 καὶ
493 2437 546 2506 τόν
576 2443 795 2512 Πλάτωνα
822 2441 978 2528 πολλαχοῦ
1005 2443 1059 2527 την
1082 2451 1154 2526 μίαν

58 2555 174 2636 ταότην
201 2549 378 2636 πρεςβεόειν
399 2547 509 2633 ἆργηίν·
538 2550 591 2614 καὶ
622 2545 677 2633 γόρ
700 2552 732 2613 ἓν
759 2553 958 2644 σοφιστῇ
983 2547 1019 2616 τό
1042 2558 1074 2617 έν
1087 2553 1156 2617 Ιταῖν

59 2658 152 2724 ὄντων
181 2661 368 2744 προτίθησι,
394 2658 452 2721 καὶ
486 2660 518 2720 ἒν
547 2655 819 2750 Παρμενίδη
844 2655 923 2722 κατό
952 2655 1009 2743 τὴν
1033 2663 1155 2744 πρώτην

59 2765 214 2832 ὑπόθεσιν
236 2762 272 2831 τό
293 2765 394 2830 πάντα
411 2764 465 2830 ἀπ’
487 2763 585 2828 αότοῦ
606 2761 738 2843 ιἰνελών,
758 2765 810 2828 καὶ
831 2761 867 2828 τό
889 2765 967 2830 εῖναι
979 2766 1054 2852 πρός
1071 2759 1153 2832 όπα-

60 2901 119 2954 σιν,
144 2872 222 2940 αὐτό
252 2873 346 2956 μόνον
374 2872 485 2958 ἀφίησι
515 2870 551 2936 τό
581 2871 616 2937 ’ἐν
638 2877 866 2958 γεγυμνωμένον
887 2871 948 2937 ἀπὸ
970 2883 1030 2940 τοῖν
1053 2873 1154 2940 ίίλλων

59 2981 216 3048 ἁπάντων·
240 2987 267 3047 ελ
287 2988 391 3058 τοίνυν
412 2984 511 3048 ταῦτα
531 2982 582 3046 καὶ
603 2979 642 3044 τό
662 2977 790 3044 τοιαῐιαί
810 3005 856 3054 τις
870 2981 912 3060 ¹¹)
936 2980 1153 3068 ὑπολογιζόμε-

37 3117 122 3170 νος,
154 3085 217 3174 ἱίμα
243 3088 277 3154 δὲ
306 3091 432 3172 καὶτῆς
454 3087 686 3173 Ἰαμβλίχοο
716 3085 807 3170 δόξης
834 3088 1032 3170 έπιστοίμενος
1060 3090 1095 3156 τὸ
1120 3092 1154 3156 ἓν

60 3200 240 3266 ι’πιοτιθεῖτο
271 3204 344 3280 μίαν
370 3197 448 3262 εἶναι
476 3193 568 3280 ιἰργίγν
595 3192 653 3276 πρό
676 3191 737 3259 ταίν
771 3194 874 3272 δυοῖν,
909 3196 1153 3282 ιλπαιτησόμεθα

61 3309 130 3391 πρός
153 3304 269 3380 αὐτόν,
290 3304 330 3371 τό
352 3332 384 3371 τε
404 3309 546 3392 εἰρημένα
569 3308 790 3388 προφέροντες,
820 3307 852 3366 έν
879 3303 923 3378 οἷς
943 3301 1033 3370 τότε
1054 3303 1156 3372 πολλὰ

62 3417 129 3504 πρός
143 3415 189 3483 ’τό
208 3415 242 3481 “ε“ν
255 3415 431 3493 Ιιῖντείιέιτο,
459 3415 510 3478 καὶ
535 3411 569 3477 τό
591 3409 716 3501 όπειρρν
737 3416 788 3476 καί
808 3411 828 3494 ἡ
849 3407 994 3494 οῗόριστος
1014 3411 1090 3490 δυός
1110 3423 1154 3491 εἰς

64 3523 171 3592 ταυτδν
190 3499 379 3589 σόνεωθεῖτο
400 3533 465 3596 τοῖς
485 3519 630 3597 πολλοῖς,
654 3514 731 3583 ὥστε
753 3521 804 3584 καὶ
819 3520 860 3598 ¹²)
883 3517 937 3598 τιξν
960 3516 1080 3603 μονόδα
1101 3527 1153 3589 καὶ

109 3742 155 3804 ιο)
171 3739 246 3792 Mon.
264 3741 288 3792 ελ
305 3738 343 3790 δε.
362 3737 383 3790 f.
405 3738 425 3791 1.
450 3739 488 3788 λτι
505 3735 533 3786 δὲ
552 3737 584 3786 εἰ.
629 3731 702 3784 Mon.
729 3730 773 3783 ἀπ’
795 3731 890 3801 Ἄριοι.
924 3731 979 3785 Pro
999 3733 1153 3803 ἀποφαίνειν

64 3802 168 3878 legerim
187 3806 337 3878 ἀποφαίνοι.
375 3807 452 3860 Mon.
480 3804 671 3872 δοκιμάζουσαν
689 3819 742 3871 pro
761 3801 849 3860 δυξας.
886 3803 971 3856 Voce.
990 3802 1061 3856 Ἕνα
1080 3805 1108 3856 δὲ
1125 3811 1151 3873 γῖ.

65 3893 83 3922 τ.
101 3897 122 3927 ο.
144 3881 212 3930 καθ,
234 3878 339 3929 omittit.

129 3949 172 4006 ιι)
197 3967 238 4005 τις
257 3947 353 3998 Hamb.
374 3945 474 3998 omisit.
513 3943 588 3995 Mon.
609 3956 662 4010 pro
689 3944 769 4001 ῖπιυτ.
790 3952 863 3992 recte
881 3939 1061 4008 ἐξιστάμενος,
1089 3961 1151 3996 mox

65 4011 273 4086 όπαιτησιόμιθα
292 4046 322 4054 -
342 4015 373 4066 τό
393 4035 430 4082 γε.

129 4088 172 4152 τε)
193 4087 266 4138 Mon.
288 4089 330 4136 καὶ
350 4101 402 4137 σοι.
423 4099 482 4135 τοοκ
502 4081 584 4134 δυοῖν.
