2770 4840
1055 279 1123 340 201

55 462 117 553 ἢτό
135 465 292 556 διακριθέν
313 461 403 533 ἑαυτό
421 463 566 548 διέκρινεν
588 459 647 530 ιἰπό
668 465 727 528 τοῦ
748 459 871 548 προίτου
892 467 923 528 έν
944 468 1055 549 ἑαυτῷ,
1075 465 1129 530 καί

55 573 141 638 οὐκέκ
162 580 264 660 ἐκείνῳ
283 570 343 658 την
353 573 502 658 διάκρισιν
516 576 553 668 τῇ
568 569 717 656 ῦποβέσει
737 570 951 656 ποιησόμενον,
973 566 1072 656 ὥσπερ
1091 569 1129 637 τό

53 679 144 748 ἔναλον
170 686 256 768 σῶμα
285 681 430 767 διεκρίθη
458 683 513 746 τοῦ
544 677 646 744 οἷ’όλου
676 681 718 772 τι]
747 677 850 756 εἴδους
875 681 957 772 ῥοπῇ
974 674 1053 763 πρός
1073 676 1129 766 τὴν

53 781 130 873 όλην·
154 788 187 859 τό
208 791 243 858 δὲ
264 788 365 856 ῦῦλον
385 782 465 873 ’όμως
485 812 573 874 γωρει
594 813 647 854 και

53 920 125 978 μενον
148 902 203 984 τῆς
222 897 405 982 διακρίσεως.
459 885 548 964 Οῦτω
578 892 607 959 δ’
635 883 688 960 οῦν
714 896 765 960 καί
785 889 821 960 τό
841 893 895 979 μὲν
916 899 1002 980 σῶμα
1021 894 1127 982 διέστη

54 1008 176 1093 τῇιμυγῆ
195 1012 250 1074 τοῦ
266 1011 335 1086 νοῦ,
356 1009 428 1081 νοῦς
448 1007 553 1090 μέντοι
573 1001 625 1068 διὰ
645 998 768 1082 ποίντοιν
787 1015 876 1090 χωρεῖ
895 1004 958 1070 νῦν
977 1003 1128 1091 δευτέρων

53 1113 94 1175 καί
110 1111 187 1202 ριυγὴ
210 1115 328 1201 ὁμοίως.
365 1109 417 1178 ’Ἢ
434 1115 527 1178 τοῦτο
546 1111 601 1194 μέν
614 1111 643 1186 ⁴)
665 1109 803 1196 ἀληθὲς,
829 1110 971 1199 διεκρίθη
993 1111 1027 1180 δέ
1047 1106 1129 1197 όμοις

51 1220 92 1286 καί
104 1220 125 1285 ῦ
149 1226 224 1298 νοῦς
250 1224 305 1307 τῆς
332 1223 434 1305 ψυχῆς
460 1221 511 1286 καί
541 1218 559 1303 ἡ
583 1213 664 1302 ψυχὴ
683 1222 739 1283 τοῦ
760 1220 897 1300 σώματος
918 1247 952 1308 τη
978 1220 1128 1316 ἐξαλλαγῇ

1149 879 1206 935 117.
1295 879 1303 906 ί

51 1327 98 1392 νῦν
116 1325 326 1409 ῦποστιίσειυν,
359 1324 435 1394 ῦστε
460 1324 554 1394 πόλιν
582 1322 619 1394 τό
645 1326 869 1412 διοικίκριμένον
899 1327 1128 1414 διακεκριμένον
1163 1351 1168 1370 ·

50 1431 234 1528 διακέκριται,
266 1444 294 1504 εί
325 1439 377 1502 καί
405 1435 499 1512 ἄλλος
525 1439 669 1523 ἑκατέρου
696 1435 789 1521 ὁτῆς
809 1435 984 1520 διακρίσεως
1003 1436 1129 1526 τρόπος.

49 1547 101 1610 Καί
125 1545 179 1634 γῦρ
200 1545 236 1613 τό
266 1543 361 1612 καλόν
381 1548 438 1610 τοῦ
460 1544 580 1610 δικαίου
601 1550 718 1629 ἕτερον,
740 1548 843 1629 ἑτέρον
865 1549 916 1611 καὶ
938 1545 1052 1614 τοῦτον
1075 1547 1128 1614 όν-

49 1673 104 1728 τος·
129 1654 193 1722 ἀλλ’
223 1654 244 1740 ἡ
276 1648 416 1740 ἑτερότης
444 1651 496 1738 οῦγ
515 1653 535 1738 ἦ
557 1648 649 1738 αῦτη,
671 1649 752 1737 πλὴν
773 1657 816 1738 τῷ
837 1658 914 1740 γένει
935 1660 990 1742 τῆς
1012 1655 1128 1743 ἰδιότη-

48 1785 104 1837 τος·
128 1756 147 1859 ᾗ
168 1760 225 1850 γὰρ
255 1762 391 1848 διαφέρει
409 1757 448 1826 τό
468 1761 535 1846 εἴδη
557 1759 712 1846 ἀλλήλοιν,
734 1758 829 1858 ταότιγ
851 1766 901 1829 καί
924 1761 962 1830 τό
983 1767 1127 1853 συμπλη-

50 1873 144 1952 ροῦντα
166 1877 248 1958 γένη.

110 1980 199 2050 Ἀλλοί
218 1979 278 2067 μὴν
301 1979 357 2047 οῦκ
379 1974 480 2045 ἀείτί
503 1984 606 2065 ἕτερον
626 1982 732 2066 ἑτέρου
753 1985 869 2070 ἕτερον,
897 1979 965 2047 ἀλλ’
987 1978 1061 2049 όταν
1083 1985 1127 2050 εί-

48 2083 90 2161 δος
108 2090 245 2178 ἑκάτερον
270 2078 307 2182 ᾖ·
335 2085 370 2152 τό
398 2092 474 2172 γοῦν
500 2085 712 2171 εἶδοςὲτερον
738 2090 797 2172 τῆς
829 2082 920 2172 ῦλης,
952 2089 989 2156 οῦ
1020 2089 1080 2176 μὴν
1107 2092 1127 2176 ἦ

50 2186 95 2278 όίη
115 2201 199 2285 ἑτέρα
226 2202 284 2264 τοῦ
315 2195 431 2276 εἴδους,
459 2189 507 2262 ότι
533 2194 610 2281 μηδὲ
640 2195 783 2282 ἑτερότης
812 2191 909 2284 αὐτὴν
935 2199 1126 2285 συμπληροῖ·

48 2301 115 2380 κίδος
139 2306 195 2392 γάρ
224 2333 255 2371 τι
273 2307 326 2372 καὶ
352 2304 371 2388 ἡ
395 2300 548 2388 ἑτερότης,
575 2303 649 2389 ἡδὲ
671 2303 820 2380 ἇνεέδεος·
849 2301 996 2396 ὥστεκαὶ
1017 2307 1129 2392 τὸμὲν

48 2411 113 2489 εἶδος
133 2413 277 2502 διεκρίθη
298 2418 352 2500 τῆς
373 2405 463 2498 ῦλης,
494 2413 529 2478 οῦ
551 2415 655 2496 μέντοι
673 2413 726 2477 καί
745 2441 766 2497 η
785 2407 842 2497 ῦλη
862 2418 916 2480 τοῦ
937 2415 1056 2507 εἴδους,
1070 2412 1128 2484 Ιιότι

47 2523 86 2586 καί
109 2523 126 2608 ἢ
152 2523 304 2612 διάκρισις
331 2521 410 2598 εἶδος
438 2511 478 2606 ἦν
506 2523 557 2586 καί
577 2517 681 2606 μόνοις
706 2517 915 2607 ἐγγιγνόμενον
937 2537 1003 2602 τοῖς
1023 2526 1128 2594 εἴδεσι.

46 2632 98 2693 Καὶ
120 2628 184 2698 όίνοι
209 2637 312 2698 τοίνυν
335 2627 476 2706 ὡσαύτως
501 2628 521 2716 ᾗ
547 2630 653 2714 πρώτη
681 2626 831 2712 διάκρισις
857 2635 917 2696 τοῦ
939 2630 1128 2709 είδονςέιπό

47 2739 94 2803 τοῦ
110 2739 304 2828 ῦπερειδέου,
327 2734 344 2803 ό
363 2744 447 2823 μένει
467 2735 659 2822 ἀδιάκριτον·
685 2737 856 2824 δττερείδεον
876 2735 934 2825 γὰρ
955 2738 989 2806 δν
1010 2741 1067 2808 οῦκ
1088 2742 1128 2809 ἄν

46 2871 70 2908 τι
86 2848 183 2918 πόθοι
210 2849 324 2918 εἰδικόν
337 2849 384 2930 5)·
417 2851 561 2915 τοιοῦτον
588 2846 622 2913 δέ
649 2849 701 2912 καὶ
726 2845 763 2912 τό
791 2846 1001 2934 διακριθῆναι.
1060 2850 1127 2919 Οῦκ

45 2950 94 3038 όρα
122 2959 158 3026 τὸ
186 2961 414 3046 διακεκριμένον
442 2957 670 3041 διακεκριμένον
692 2954 880 3040 διακέκριται
896 2956 1027 3038 πόντως,
1048 2958 1128 3027 ἄλλοί

45 3059 73 3128 τό
91 3074 210 3152 πρῶτον
231 3070 412 3155 διακριθέν,
444 3065 464 3154 ἢ
485 3064 521 3132 τῦ
542 3059 718 3132 ῦστατον
740 3064 793 3136 οῦκ
815 3063 852 3132 ῦίν
874 3061 969 3148 οῦτοις
992 3073 1065 3154 ἔχοι.

116 3186 157 3246 Τί
187 3169 261 3262 οῦν,·
290 3176 344 3244 οῦκ
358 3200 359 3204 ’
375 3177 427 3262 ἀφ’
453 3179 567 3242 ἑαυτοῦ
594 3173 734 3261 ἑκάτερον
760 3179 885 3260 ἕστηκε,
918 3175 952 3242 τὸ
983 3179 1038 3260 μὲν
1068 3171 1127 3265 ῦλη

43 3280 141 3370 μόνον,
172 3286 211 3356 τό
234 3287 267 3354 δὲ
288 3287 371 3362 εἶδος
390 3281 503 3371 μόνους
532 3284 584 3350 καί
598 3283 628 3364 ⁶)
649 3280 685 3348 τό
708 3283 778 3366 μὲν,
799 3288 826 3348 εί
845 3282 947 3370 τῦχοι,
970 3283 1005 3352 όν
1024 3285 1128 3370 μόνον,

44 3391 71 3458 τό
87 3396 118 3463 δὲ
144 3403 219 3476 νοῦς
240 3397 350 3482 μόνονς
378 3397 431 3460 καί
460 3391 620 3476 οὐδέτερόν
646 3396 712 3459 έστι
741 3388 776 3456 τό
812 3397 923 3474 ἕτερον.
967 3391 1048 3463 ἀλλά
1076 3401 1128 3464 καί

43 3491 99 3567 Ιόσον
118 3506 220 3592 ὑπέβη
242 3503 278 3570 τῦ
308 3501 451 3586 δεύτερον
480 3505 524 3576 εἰς
544 3495 693 3582 διάκρισιν
719 3501 776 3582 τῆς
804 3495 940 3579 φύσεως,
980 3503 1129 3569 τοσοῦτον

44 3609 168 3699 ἐξῄρηται
188 3614 227 3680 τό
247 3617 369 3695 πρῶτον
389 3605 604 3695 εἰς’ῦπεροχὴν
626 3605 798 3693 ἇσῦγχντον
819 3605 874 3692 τὴν
896 3606 975 3694 πρός
997 3609 1031 3678 τό
1055 3611 1127 3680 δεῦ-

42 3742 130 3804 τερον·
159 3720 233 3789 οὐδὲ
260 3719 318 3807 γὰρ
344 3717 547 3804 διοισόμεδα,
575 3722 603 3782 εί
629 3714 670 3800 μή
705 3716 721 3779 ὃ
751 3714 844 3792 αῦτός
872 3721 925 3803 τῆς
951 3717 1128 3807 διακρίσεως

42 3825 157 3908 τρόπος·
191 3832 244 3896 καί
270 3824 328 3915 γῦρ
349 3825 384 3894 τό
407 3823 567 3893 ἀθάνατον
588 3824 775 3910 διακέκριται
796 3828 859 3891 τοῦ
880 3832 997 3913 θνητοῦ
1018 3834 1069 3897 καί
1091 3831 1127 3899 τό

42 3937 150 4022 θνητόν
178 3943 237 4004 τοῦ
269 3935 454 4015 ἀθανάτου,
487 3933 554 3999 ἀλλ’
584 3925 665 4018 ῦμως
695 3933 750 4019 οῦγ
777 3935 795 4018 ἡ
826 3933 905 4021 afim}
927 3936 1076 4024 διάκρισις
1096 3949 1128 4011 ἕν

101 4106 130 4168 ί)
149 4105 227 4156 Mon.
245 4100 261 4168 ἢ
278 4103 309 4154 τῦ
327 4107 383 4172 μέν.
406 4131 438 4143 -
457 4101 485 4160 5]
505 4101 579 4154 Mon.
598 4102 737 4167 εἰδητικόν.
757 4131 790 4144 ·-·
808 4103 840 4168 6)
858 4105 934 4156 Mon.
949 4121 1028 4160 νοοο.
1042 4111 1086 4160 καί
1103 4131 1127 4163 τ.

40 4174 155 4232 νοείτω.
164 4195 197 4244 μ.
209 4194 234 4226 τ’.
243 4175 267 4226 δ.
278 4193 300 4226 ν.
307 4194 336 4241 μ.
350 4170 447 4226 omisit.
468 4169 542 4224 ldem
553 4170 624 4224 infra
643 4171 674 4225 οὐ
694 4171 829 4242 οῦγχυτον,
848 4185 873 4226 et
892 4173 967 4228 οὐδέν
981 4176 1031 4248 γὰρ
1046 4179 1125 4235 διεισ.
