2770 4840
249 233 321 298 22ss

246 415 380 487 unitatae
407 419 467 480 τῶν
494 413 690 500 δηλουμένων
717 431 783 498 τοῖς
808 425 1017 507 προκειμένοις
1038 420 1190 509 ὀνόμασιν.
1225 426 1265 494 ‘0
1281 426 1325 512 μέν

246 518 308 605 άρα
334 519 410 596 νοῦς
437 520 529 588 οῦδὲν
555 522 742 608 θαυμαστόν
770 533 797 593 εί
826 531 903 608 ζωῆς
931 530 982 595 καὶ
1019 531 1124 609 οὐσίας
1158 533 1325 618 μετείληφεν,

246 625 307 714 ’όπη
323 629 353 709 ²)
374 631 451 697 ποτέ
471 628 510 697 άν
541 623 618 700 οὖσα
642 641 752 720 φανείη
779 633 882 724 πρόσω
911 641 1014 705 ῑοιῖσιν
1036 638 1055 725 ἡ
1076 644 1213 725 μέθεξις.
1245 643 1286 709 Ἡ
1300 643 1324 706 δ“

247 731 308 820 ζωή
330 736 464 826 γνώσεως
475 739 530 824 μὲν
553 739 608 807 οὐκ
630 737 666 806 ihr
684 745 803 828 μετέχοι
825 746 910 830 είπερ
930 748 995 816 ἐστί
1015 749 1072 812 τοῦ
1091 756 1194 835 τρίτου
1214 753 1262 816 καί
1284 754 1325 814 τοῦ

246 847 304 910 νοῦ
322 844 343 928 ἡ
365 847 476 931 γνῶσις
496 849 664 932 ἐξαίρετος,
687 846 708 934 ἢ
729 850 900 934 κοινότερον
920 852 1014 935 φάναι
1034 859 1094 922 τοῦ
1114 855 1325 941 προελθόντος·

246 954 266 1042 ἡ
289 953 323 1020 δὲ
344 953 433 1022 οὐσία
463 953 532 1022 οὔτε
562 960 673 1040 γνῶσιν
695 961 758 1044 ἔχοι
779 955 838 1039 όν,
860 959 930 1028 οὔτε
952 961 1049 1048 ζωὴν,
1075 963 1150 1032 οότε
1176 965 1325 1052 προεληλυ

247 1066 351 1142 θυῖα,
385 1059 455 1129 οάτε
484 1067 652 1150 προϊοῦσα,
681 1065 765 1149 εἴπερ
793 1069 860 1134 ἐστὶ
890 1073 944 1138 καί
971 1070 993 1155 ἡ
1023 1069 1083 1158 ζωὴ
1104 1080 1162 1142 τοῦ
1181 1081 1270 1160 μέσου
1288 1077 1327 1140 καί

177 1263 180 1268 y
247 1172 417 1259 προϊόντος.
465 1171 563 1242 Οὗσία
583 1173 638 1258 μὲν
659 1171 721 1259 όρα
742 1177 808 1241 ἐστί
835 1179 947 1259 κόσμος
975 1178 1120 1265 ὃλοτελης
1146 1187 1179 1250 ἐν
1199 1189 1239 1270 τῷ
1258 1181 1326 1248 άδια·

247 1289 337 1369 κρότῳ
351 1281 380 1364 3)
417 1279 517 1348 πάντα
546 1279 741 1375 συνηρηκάς,
766 1287 839 1359 νοῦς
872 1284 907 1351 δὲ
934 1287 1046 1374 κόσμος
1079 1288 1223 1375 δλοτελης
1249 1295 1278 1358 έν
1295 1303 1327 1372 τῷ

247 1391 460 1479 διακεκριμένη)
482 1393 537 1476 τῆς
557 1385 678 1474 φάσεως
698 1390 887 1477 ὑφεστηκόις,
906 1394 926 1479 ἡ
947 1394 980 1462 δέ
1002 1393 1061 1481 ζωη
1075 1394 1187 1483 κόσμος
1207 1395 1326 1481 όλοτελης

248 1505 281 1566 έν
308 1504 352 1586 τῷ
382 1499 599 1588 διακρινομένη
627 1503 682 1584 της
702 1500 868 1585 μεσότητος
888 1501 990 1569 πάντα
1010 1501 1135 1572 αἰδίνων.
1172 1507 1216 1575 ‘0
1234 1507 1283 1593 μέν
1298 1501 1324 1589 δι’]

247 1614 368 1698 πρῶτος
398 1609 492 1687 αὐτὸς
519 1634 552 1676 τε
573 1607 780 1695 ἀπερίγραφός
803 1614 868 1676 ἐστι
888 1612 938 1678 καὶ
958 1611 1057 1678 πάντα
1076 1618 1223 1702 περιέχων
1242 1613 1323 1696 άπερι

245 1719 383 1809 γρόφως·
406 1718 474 1788 ὁδέ
494 1725 593 1803 τρίτος
613 1713 707 1794 αὐτός
727 1744 760 1784 τε
780 1727 988 1805 περιγραφείς·
1011 1714 1033 1788 ἱί
1056 1749 1090 1787 τε
1109 1718 1324 1810 προεληλυθώς,

247 1830 300 1894 καί
331 1824 368 1894 τά
394 1831 427 1894 έν
448 1828 547 1912 ἑαυτῷ
566 1821 706 1911 γράψας,
734 1820 792 1890 ὅσα
818 1831 852 1892 ε’ν
881 1825 969 1912 αὐτῷ
989 1828 1189 1914 προελθόντα
1210 1833 1271 1898 ε’στί
1287 1830 1325 1894 καί

247 1936 471 2022 διακεκριμένα·
501 1933 517 1999 ὁ
540 1932 574 2000 δὲ
593 1939 685 2017 μέσος
706 1933 766 2016 δέ)
794 1934 871 2001 κατά
891 1932 948 2022 τὴν
964 1933 1042 2023 ζωὴν
1064 1935 1136 2005 οὕτε
1158 1944 1191 2006 έν
1211 1943 1254 2024 τῷ
1271 1937 1325 2003 εἷπε·

248 2041 381 2133 ριγράφφ
407 2047 559 2129 πέπηγεν,
589 2039 659 2111 οὕτε
687 2047 719 2111 έν
746 2047 790 2129 τῷ
818 2047 1078 2131 περιγεγραμμένη
1104 2051 1251 2133 συνέστη,
1274 2043 1326 2111 όλλ

248 2157 331 2222 ἐστὶν
351 2154 416 2220 οἷον
433 2152 581 2240 ἀμφίβιον
602 2153 654 2218 καί
677 2153 742 2218 οίον
763 2157 796 2220 έν
817 2149 936 2237 κινήσει
955 2158 993 2241 τῇ
1013 2153 1078 2221 άπὸ
1099 2156 1190 2223 τοῦδε
1211 2157 1258 2224 ἐπὶ
1275 2155 1324 2220 τόν·

248 2265 302 2346 δε,
326 2256 407 2331 ’όθεν
435 2265 548 2329 τοῦτον
572 2260 627 2346 μὲν
656 2258 735 2346 ζωόν
765 2258 969 2347 ὀνομάζουσι,
1002 2263 1042 2339 ὡς
1067 2268 1325 2351 παρακεκινημένον

246 2375 301 2440 καί
327 2372 393 2440 οἷον
416 2373 545 2449 ζέουσαν
572 2369 693 2436 οὐσίαν.
745 2372 812 2440 Καί
837 2365 895 2455 γάρ
921 2370 941 2457 ἡ
963 2368 1100 2459 ελδητικη
1129 2370 1190 2460 ζωὴ
1213 2378 1254 2460 τῷ
1268 2371 1325 2438 εἴδει

248 2479 365 2566 ἑκάστῳ
393 2481 617 2566 προςτιθεμένη
648 2475 685 2543 τὸ
713 2479 779 2556 ζέον
804 2481 893 2544 τοῦτο
929 2479 981 2543 καί
1008 2483 1207 2576 κεκινημένον
1230 2479 1323 2566 ἐπάγει.

251 2585 342 2656 Οὕτω
372 2585 429 2674 γάρ
457 2588 510 2654 καί
539 2587 558 2672 ἢ
584 2590 642 2652 τοῦ
671 2583 760 2662 όντος
791 2583 932 2671 ἀκίνητος
957 2582 1049 2669 φόσις
1067 2587 1221 2674 άπαβᾶσα
1239 2584 1326 2673 μικρόν

247 2698 402 2784 παρέλυσε
430 2696 484 2782 μέν
512 2693 547 2762 τό
567 2694 705 2780 πεπηγός
731 2698 828 2761 έκεῖνο
848 2695 900 2760 καί
925 2691 1117 2781 άδιόκριτον,
1149 2697 1325 2784 προέβαλετο

246 2807 283 2875 δέ
308 2832 376 2874 τινα
404 2803 539 2893 πρόοδον
567 2807 619 2871 καί
638 2802 815 2890 διακρίσεως
835 2807 975 2888 ἔμφασιν.
1005 2801 1066 2890 ἤδη
1088 2803 1122 2874 δὲ
1142 2807 1325 2895 προελθοῦσι

246 2917 299 2982 καί
327 2915 526 3000 διαιρεθεῖσα
546 2916 597 2980 καί
618 2914 720 2980 στᾶσα
739 2915 772 2978 έν
792 2910 868 2978 εἴδει
888 2917 931 2997 τῷ
952 2916 1064 2998 ἑαυτῆς
1082 2913 1266 3001 περιεγράφη
1284 2939 1324 2978 κα·

167 3054 229 3110 pag.
246 3021 287 3091 τά
309 3020 364 3108 την
384 3021 546 3108 διάκρισιν,
563 3021 617 3086 καί
633 3015 673 3086 τά
690 3022 724 3086 έν
737 3019 766 3095 ⁵)
787 3018 865 3106 αὐτῇ
885 3017 1054 3086 ὃλικαίτατα
1082 3023 1134 3088 καί
1154 3021 1326 3109 πρεςβύτατα

170 3107 310 3200 154’τοῖν
336 3129 459 3200 πάντων
484 3128 629 3214 διέκρινέν
655 3155 688 3195 τε
718 3130 770 3196 καί
790 3131 999 3213 περιέγραφεν.
1051 3129 1178 3218 Οόγάρ
1198 3132 1325 3215 διεκρίθη

247 3236 304 3326 τὴν
331 3245 375 3316 εἰς
402 3235 502 3306 πάντα
531 3231 697 3320 διάκρισιν,
731 3230 812 3301 άλλά
836 3230 893 3319 τὴν
920 3232 1074 3321 ἐγγυτάτω
1100 3243 1156 3304 τοῦ
1182 3235 1258 3318 ἑνός,
1287 3235 1326 3302 καὶ

248 3343 328 3426 όλως
352 3351 450 3414 εῖπεῖν
476 3341 532 3430 τὴν
559 3341 683 3430 πράτην
710 3345 763 3409 καί
789 3341 919 3430 πριόνων
944 3339 1105 3432 διάκρισιν·
1138 3341 1218 3414 ὅθεν
1237 3338 1324 3424 ἐπειδηΙ

230 3453 408 3530 ’διάστασις
438 3451 522 3538 αὐτῷ
550 3455 670 3536 γέγονεν
696 3448 757 3518 άπό
784 3477 816 3516 τε
846 3456 906 3518 τῶν
927 3452 987 3541 πρό
1008 3453 1107 3522 αὐτοῦ
1126 3459 1180 3522 καί
1199 3455 1251 3541 εἶφ’
1269 3458 1325 3520 ἕαυ·

247 3568 321 3632 τοῦ·
349 3563 493 3646 διεκρίθη
520 3557 647 3646 γάρκαὶ
668 3557 752 3644 αὐτῷ
773 3562 805 3624 έν
826 3563 944 3646 ἑαυτῷ·
967 3557 1019 3628 διά
1039 3559 1079 3646 δι’]
1101 3565 1193 3630 τοῦτο
1213 3585 1324 3645 προεγει

246 3679 354 3764 ’ρίσατο
369 3674 429 3756 τῆς
450 3663 639 3744 διαστάσεως
655 3668 870 3752 ἐπανόρθωσιν
887 3693 954 3734 τινα
976 3670 1029 3738 καί
1054 3669 1120 3736 οἷον
1139 3671 1324 3757 παραμυθίαι

317 3811 348 3875 κ)
366 3805 441 3859 Mon.
462 3801 524 3857 ὅποι
542 3804 697 3871 nmen-a}
716 3805 745 3857 δὲ
765 3803 816 3872 ζωὴ
834 3825 873 3873 γν.
909 3833 944 3846 -
977 3803 1008 3870 5)
1027 3805 1103 3859 Mon.
1121 3810 1148 3859 ἐν
1166 3810 1202 3877 τῷ
1219 3802 1323 3872 διακρίτφ

246 3902 274 3936 π.
293 3875 455 3948 συνειρηκώς.
479 3874 576 3927 Hamb.
595 3877 656 3936 νοῦς
673 3875 701 3927 δὲ
719 3895 742 3926 κ.
763 3874 802 3928 ὁλ.
821 3878 847 3927 έν
863 3877 900 3943 τῷ
920 3876 1104 3948 διακρινομένρι
1128 3881 1175 3944 τῆς
1190 3880 1323 3947 μεσότητος·

246 3950 336 4004 media
353 3948 467 4001 δεσποί.
484 3945 551 3999 Mox
569 3946 643 4000 Mon.
662 3965 689 3998 π.
708 3949 830 4016 περιέχων
847 3944 1021 4018 περιγράφως.
1053 3947 1152 4001 ΗεαιΙ).
1171 3946 1215 4000 άτε
1230 3941 1322 4016 πρυῑίί·

248 4023 340 4116 ίυθάίς
357 4053 408 4108 εἰσ.
444 4079 477 4092 -
512 4056 542 4118 Δ)
567 4051 642 4132 Μσσ.
667 4061 718 4107 art.
745 4049 761 4102 ὅ
784 4067 838 4104 om.
857 4063 883 4106 et
899 4051 972 4106 infra
997 4050 1078 4124 ὥςπερ
1102 4052 1279 4122 ἆκεκινημένον.
1295 4067 1322 4081 -

248 4125 280 4193 θ)
298 4125 375 4180 Mon.
389 4127 416 4178 έν
428 4123 515 4194 ἑαυτῇ.
535 4118 651 4181 Ιαέοσιαε
666 4121 789 4192 διεκρίθη
805 4121 856 4194 γάρ
868 4123 912 4174 καὶ
924 4119 990 4176 αὐτὸ
1007 4126 1034 4176 έν
1052 4127 1072 4176 ἐ.
1082 4160 1089 4175 .
1100 4116 1320 4196 ..προεχειρήοαινι
