<?xml version="1.0" encoding="UTF-8"?>
<!DOCTYPE html PUBLIC "-//W3C//DTD XHTML 1.0 Transitional//EN"
    "http://www.w3.org/TR/xhtml1/DTD/xhtml1-transitional.dtd">
<html xmlns="http://www.w3.org/1999/xhtml" xml:lang="en" lang="en">
 <head>
  <title>
</title>
<meta http-equiv="Content-Type" content="text/html;charset=utf-8" />
  <meta name='ocr-system' content='tesseract 3.04.00' />
  <meta name='ocr-capabilities' content='ocr_page ocr_carea ocr_par ocr_line ocrx_word'/>
</head>
<body>
  <div class='ocr_page' id='page_1' title='image "./gdamaskoudiadho00damagoog_0210.png"; bbox 0 0 2770 4840; ppageno 0'>
   <div class='ocr_carea' id='block_1_1' title="bbox 233 267 300 380">
    <p class='ocr_par' dir='ltr' id='par_1_1' title="bbox 233 267 300 380">
     <span class='ocr_line' id='line_1_1' title="bbox 233 267 300 380; baseline 0 0"><span class='ocrx_word' id='word_1_1' title='bbox 233 267 300 380; x_wconf 64' lang='grc' dir='ltr'><em>νο</em></span> 
     </span>
    </p>
   </div>
   <div class='ocr_carea' id='block_1_2' title="bbox 141 435 1326 3781">
    <p class='ocr_par' dir='ltr' id='par_1_2' title="bbox 141 435 1326 3569">
     <span class='ocr_line' id='line_1_2' title="bbox 229 435 1321 532; baseline -0.002 -22"><span class='ocrx_word' id='word_1_2' title='bbox 229 452 275 525; x_wconf 83' lang='grc' dir='ltr'><em>ἔν,</em></span> <span class='ocrx_word' id='word_1_3' title='bbox 303 451 579 530; x_wconf 86' lang='grc' dir='ltr'><em>σννεκφαινομένσν</em></span> <span class='ocrx_word' id='word_1_4' title='bbox 607 447 686 514; x_wconf 72' lang='grc' dir='ltr'><em>τάδε</em></span> <span class='ocrx_word' id='word_1_5' title='bbox 706 451 765 512; x_wconf 86' lang='grc' dir='ltr'><em>τοῦ</em></span> <span class='ocrx_word' id='word_1_6' title='bbox 787 446 853 524; x_wconf 79' lang='grc' dir='ltr'><em>ἑνός</em></span> <span class='ocrx_word' id='word_1_7' title='bbox 873 451 925 513; x_wconf 81' lang='grc' dir='ltr'><em>καὶ</em></span> <span class='ocrx_word' id='word_1_8' title='bbox 945 451 1002 514; x_wconf 84' lang='grc' dir='ltr'><em>τοῦ</em></span> <span class='ocrx_word' id='word_1_9' title='bbox 1029 447 1201 532; x_wconf 87' lang='grc' dir='ltr'><em>ἡνωμένον,</em></span> <span class='ocrx_word' id='word_1_10' title='bbox 1244 435 1321 524; x_wconf 72' lang='grc' dir='ltr'><em>ὅπερ</em></span> 
     </span>
     <span class='ocr_line' id='line_1_3' title="bbox 228 543 1321 683; baseline -0.003 -65"><span class='ocrx_word' id='word_1_11' title='bbox 228 557 358 637; x_wconf 76' lang='grc' dir='ltr'><em>ἔμφασις</em></span> <span class='ocrx_word' id='word_1_12' title='bbox 377 543 418 638; x_wconf 88' lang='grc' dir='ltr'><em>ἡν</em></span> <span class='ocrx_word' id='word_1_13' title='bbox 437 559 495 619; x_wconf 84' lang='grc' dir='ltr'><em>τοίι</em></span> <span class='ocrx_word' id='word_1_14' title='bbox 517 552 619 630; x_wconf 84' lang='grc' dir='ltr'><em>όντος·</em></span> <span class='ocrx_word' id='word_1_15' title='bbox 649 554 719 620; x_wconf 77' lang='grc' dir='ltr'><em>ἀλλ’</em></span> <span class='ocrx_word' id='word_1_16' title='bbox 747 553 817 620; x_wconf 85' lang='grc' dir='ltr'><em>οὕτε</em></span> <span class='ocrx_word' id='word_1_17' title='bbox 838 551 875 620; x_wconf 88' lang='grc' dir='ltr'><em>τό</em></span> <span class='ocrx_word' id='word_1_18' title='bbox 896 563 929 620; x_wconf 79' lang='grc' dir='ltr'><em>ἓν</em></span> <span class='ocrx_word' id='word_1_19' title='bbox 950 556 1102 640; x_wconf 80' lang='grc' dir='ltr'><em>ἐντούτῳ</em></span> <span class='ocrx_word' id='word_1_20' title='bbox 1123 582 1201 620; x_wconf 89' lang='grc' dir='ltr'><em>κατα</em></span> <span class='ocrx_word' id='word_1_21' title='bbox 1191 551 1321 683; x_wconf 70' lang='grc' dir='ltr'><em>μέθε-</em></span> 
     </span>
     <span class='ocr_line' id='line_1_4' title="bbox 1135 657 1322 789; baseline -0.032 -59"><span class='ocrx_word' id='word_1_22' title='bbox 1135 682 1185 730; x_wconf 79' lang='grc' dir='ltr'><em>εν·</em></span> <span class='ocrx_word' id='word_1_23' title='bbox 1207 657 1244 727; x_wconf 84' lang='grc' dir='ltr'><em>τό</em></span> <span class='ocrx_word' id='word_1_24' title='bbox 1257 659 1322 789; x_wconf 74' lang='grc' dir='ltr'><em>γάρ</em></span> 
     </span>
     <span class='ocr_line' id='line_1_5' title="bbox 226 761 1322 858; baseline -0.001 -24"><span class='ocrx_word' id='word_1_25' title='bbox 226 769 285 855; x_wconf 87' lang='grc' dir='ltr'><em>πρό</em></span> <span class='ocrx_word' id='word_1_26' title='bbox 313 776 367 835; x_wconf 84' lang='grc' dir='ltr'><em>τοῦ</em></span> <span class='ocrx_word' id='word_1_27' title='bbox 388 771 555 855; x_wconf 87' lang='grc' dir='ltr'><em>ἡνωμένον,</em></span> <span class='ocrx_word' id='word_1_28' title='bbox 582 771 781 857; x_wconf 80' lang='grc' dir='ltr'><em>οὐδέτερον</em></span> <span class='ocrx_word' id='word_1_29' title='bbox 761 761 819 856; x_wconf 85' lang='grc' dir='ltr'><em>ἡν,</em></span> <span class='ocrx_word' id='word_1_30' title='bbox 839 771 919 838; x_wconf 82' lang='grc' dir='ltr'><em>αάτο</em></span> <span class='ocrx_word' id='word_1_31' title='bbox 910 771 973 837; x_wconf 87' lang='grc' dir='ltr'><em>δέ</em></span> <span class='ocrx_word' id='word_1_32' title='bbox 994 770 1221 858; x_wconf 87' lang='grc' dir='ltr'><em>συναμφότερον</em></span> <span class='ocrx_word' id='word_1_33' title='bbox 1243 766 1322 836; x_wconf 84' lang='grc' dir='ltr'><em>κατά</em></span> 
     </span>
     <span class='ocr_line' id='line_1_6' title="bbox 227 861 1321 970; baseline 0.002 -26"><span class='ocrx_word' id='word_1_34' title='bbox 227 886 299 963; x_wconf 77' lang='grc' dir='ltr'><em>μίαν</em></span> <span class='ocrx_word' id='word_1_35' title='bbox 327 878 492 964; x_wconf 68' lang='grc' dir='ltr'><em>ἁπλότητα,</em></span> <span class='ocrx_word' id='word_1_36' title='bbox 512 879 627 963; x_wconf 79' lang='grc' dir='ltr'><em>ἀμφοῖν</em></span> <span class='ocrx_word' id='word_1_37' title='bbox 655 881 805 963; x_wconf 80' lang='grc' dir='ltr'><em>οῖστικὴν·</em></span> <span class='ocrx_word' id='word_1_38' title='bbox 834 881 884 948; x_wconf 89' lang='grc' dir='ltr'><em>διό</em></span> <span class='ocrx_word' id='word_1_39' title='bbox 909 887 976 965; x_wconf 82' lang='grc' dir='ltr'><em>μετ’</em></span> <span class='ocrx_word' id='word_1_40' title='bbox 1002 880 1080 948; x_wconf 82' lang='grc' dir='ltr'><em>αὐτό</em></span> <span class='ocrx_word' id='word_1_41' title='bbox 1095 861 1247 970; x_wconf 71' lang='grc' dir='ltr'><em>Ιπροὴλθε</em></span> <span class='ocrx_word' id='word_1_42' title='bbox 1269 886 1321 946; x_wconf 78' lang='grc' dir='ltr'><em>καὶ</em></span> 
     </span>
     <span class='ocr_line' id='line_1_7' title="bbox 227 985 1320 1076; baseline 0.001 -23"><span class='ocrx_word' id='word_1_43' title='bbox 227 987 283 1054; x_wconf 76' lang='grc' dir='ltr'><em>ἀπ’</em></span> <span class='ocrx_word' id='word_1_44' title='bbox 305 987 407 1055; x_wconf 82' lang='grc' dir='ltr'><em>αότον</em></span> <span class='ocrx_word' id='word_1_45' title='bbox 429 986 575 1076; x_wconf 80' lang='grc' dir='ltr'><em>ἑκάτερον</em></span> <span class='ocrx_word' id='word_1_46' title='bbox 596 986 633 1055; x_wconf 91' lang='grc' dir='ltr'><em>τό</em></span> <span class='ocrx_word' id='word_1_47' title='bbox 653 1016 687 1056; x_wconf 89' lang='grc' dir='ltr'><em>τε</em></span> <span class='ocrx_word' id='word_1_48' title='bbox 696 985 754 1057; x_wconf 81' lang='grc' dir='ltr'><em>Ἐν</em></span> <span class='ocrx_word' id='word_1_49' title='bbox 776 989 838 1056; x_wconf 79' lang='grc' dir='ltr'><em>ἰδία</em></span> <span class='ocrx_word' id='word_1_50' title='bbox 860 995 910 1056; x_wconf 84' lang='grc' dir='ltr'><em>καὶ</em></span> <span class='ocrx_word' id='word_1_51' title='bbox 931 987 968 1056; x_wconf 89' lang='grc' dir='ltr'><em>τό</em></span> <span class='ocrx_word' id='word_1_52' title='bbox 991 990 1040 1068; x_wconf 81' lang='grc' dir='ltr'><em>ὃν,</em></span> <span class='ocrx_word' id='word_1_53' title='bbox 1059 991 1095 1056; x_wconf 89' lang='grc' dir='ltr'><em>τό</em></span> <span class='ocrx_word' id='word_1_54' title='bbox 1116 994 1170 1074; x_wconf 85' lang='grc' dir='ltr'><em>μὲν</em></span> <span class='ocrx_word' id='word_1_55' title='bbox 1188 987 1320 1075; x_wconf 77' lang='grc' dir='ltr'><em>ἡγούμε-</em></span> 
     </span>
     <span class='ocr_line' id='line_1_8' title="bbox 226 1093 1322 1228; baseline 0.003 -67"><span class='ocrx_word' id='word_1_56' title='bbox 226 1123 294 1177; x_wconf 85' lang='grc' dir='ltr'><em>νον,</em></span> <span class='ocrx_word' id='word_1_57' title='bbox 322 1123 356 1162; x_wconf 95' lang='grc' dir='ltr'><em>το</em></span> <span class='ocrx_word' id='word_1_58' title='bbox 348 1093 454 1162; x_wconf 76' lang='grc' dir='ltr'><em>δέ“</em></span> <span class='ocrx_word' id='word_1_59' title='bbox 428 1095 601 1228; x_wconf 72' lang='grc' dir='ltr'><em>ειηόμενσν,</em></span> <span class='ocrx_word' id='word_1_60' title='bbox 632 1098 673 1164; x_wconf 87' lang='grc' dir='ltr'><em>δι’</em></span> <span class='ocrx_word' id='word_1_61' title='bbox 703 1099 881 1202; x_wconf 78' lang='grc' dir='ltr'><em>ἑτερότητος</em></span> <span class='ocrx_word' id='word_1_62' title='bbox 906 1098 958 1167; x_wconf 82' lang='grc' dir='ltr'><em>ἀπ’</em></span> <span class='ocrx_word' id='word_1_63' title='bbox 987 1100 1128 1184; x_wconf 77' lang='grc' dir='ltr'><em>ἀλλήλων</em></span> <span class='ocrx_word' id='word_1_64' title='bbox 1151 1097 1322 1165; x_wconf 83' lang='grc' dir='ltr'><em>διαστάιτα</em></span> 
     </span>
     <span class='ocr_line' id='line_1_9' title="bbox 226 1197 1322 1294; baseline 0.002 -25"><span class='ocrx_word' id='word_1_65' title='bbox 226 1232 288 1288; x_wconf 90' lang='grc' dir='ltr'><em>πη,</em></span> <span class='ocrx_word' id='word_1_66' title='bbox 321 1197 396 1270; x_wconf 77' lang='grc' dir='ltr'><em>ὥστε</em></span> <span class='ocrx_word' id='word_1_67' title='bbox 421 1200 482 1276; x_wconf 87' lang='grc' dir='ltr'><em>ἀπό</em></span> <span class='ocrx_word' id='word_1_68' title='bbox 511 1231 567 1271; x_wconf 90' lang='grc' dir='ltr'><em>του</em></span> <span class='ocrx_word' id='word_1_69' title='bbox 596 1204 891 1294; x_wconf 72' lang='grc' dir='ltr'><em>δημιουργικοῦ</em></span> <span class='ocrx_word' id='word_1_70' title='bbox 914 1210 986 1273; x_wconf 81' lang='grc' dir='ltr'><em>νοῦ</em></span> <span class='ocrx_word' id='word_1_71' title='bbox 1011 1205 1110 1274; x_wconf 90' lang='grc' dir='ltr'><em>πάντα</em></span> <span class='ocrx_word' id='word_1_72' title='bbox 1133 1204 1222 1282; x_wconf 76' lang='grc' dir='ltr'><em>ὄντος</em></span> <span class='ocrx_word' id='word_1_73' title='bbox 1244 1207 1322 1289; x_wconf 83' lang='grc' dir='ltr'><em>ὁμοῦ</em></span> 
     </span>
     <span class='ocr_line' id='line_1_10' title="bbox 226 1309 1324 1400; baseline 0.002 -24"><span class='ocrx_word' id='word_1_74' title='bbox 226 1309 345 1396; x_wconf 86' lang='grc' dir='ltr'><em>πρόεισι</em></span> <span class='ocrx_word' id='word_1_75' title='bbox 372 1309 409 1376; x_wconf 88' lang='grc' dir='ltr'><em>τό</em></span> <span class='ocrx_word' id='word_1_76' title='bbox 432 1336 466 1376; x_wconf 93' lang='grc' dir='ltr'><em>τε</em></span> <span class='ocrx_word' id='word_1_77' title='bbox 488 1309 729 1396; x_wconf 83' lang='grc' dir='ltr'><em>σωματοειδές’</em></span> <span class='ocrx_word' id='word_1_78' title='bbox 709 1340 792 1380; x_wconf 87' lang='grc' dir='ltr'><em>απαν</em></span> <span class='ocrx_word' id='word_1_79' title='bbox 810 1341 862 1379; x_wconf 91' lang='grc' dir='ltr'><em>και</em></span> <span class='ocrx_word' id='word_1_80' title='bbox 881 1342 902 1400; x_wconf 91' lang='grc' dir='ltr'><em>η</em></span> <span class='ocrx_word' id='word_1_81' title='bbox 931 1311 1015 1400; x_wconf 83' lang='grc' dir='ltr'><em>ψνχὴ</em></span> <span class='ocrx_word' id='word_1_82' title='bbox 1038 1313 1135 1396; x_wconf 78' lang='grc' dir='ltr'><em>τούτῳ</em></span> <span class='ocrx_word' id='word_1_83' title='bbox 1156 1318 1324 1397; x_wconf 79' lang='grc' dir='ltr'><em>ἐποχουμέ-</em></span> 
     </span>
     <span class='ocr_line' id='line_1_11' title="bbox 225 1421 867 1516; baseline -0.005 -30"><span class='ocrx_word' id='word_1_84' title='bbox 225 1447 279 1505; x_wconf 86' lang='grc' dir='ltr'><em>νη,</em></span> <span class='ocrx_word' id='word_1_85' title='bbox 306 1421 358 1485; x_wconf 82' lang='grc' dir='ltr'><em>καὶ</em></span> <span class='ocrx_word' id='word_1_86' title='bbox 379 1423 427 1486; x_wconf 83' lang='grc' dir='ltr'><em>έτι</em></span> <span class='ocrx_word' id='word_1_87' title='bbox 446 1421 541 1516; x_wconf 78' lang='grc' dir='ltr'><em>ταότη</em></span> <span class='ocrx_word' id='word_1_88' title='bbox 564 1421 580 1486; x_wconf 83' lang='grc' dir='ltr'><em>ὃ</em></span> <span class='ocrx_word' id='word_1_89' title='bbox 602 1421 673 1496; x_wconf 79' lang='grc' dir='ltr'><em>νοῦς</em></span> <span class='ocrx_word' id='word_1_90' title='bbox 694 1425 867 1508; x_wconf 77' lang='grc' dir='ltr'><em>ἐπιβαίνων.</em></span> 
     </span>
     <span class='ocr_line' id='line_1_12' title="bbox 311 1527 1324 1616; baseline 0 -22"><span class='ocrx_word' id='word_1_91' title='bbox 311 1536 351 1594; x_wconf 81' lang='lat' dir='ltr'><em>El</em></span> <span class='ocrx_word' id='word_1_92' title='bbox 372 1528 406 1594; x_wconf 83' lang='grc' dir='ltr'><em>δέ</em></span> <span class='ocrx_word' id='word_1_93' title='bbox 425 1531 493 1594; x_wconf 83' lang='grc' dir='ltr'><em>κατ’</em></span> <span class='ocrx_word' id='word_1_94' title='bbox 513 1535 616 1596; x_wconf 82' lang='grc' dir='ltr'><em>αἰτίαν</em></span> <span class='ocrx_word' id='word_1_95' title='bbox 636 1532 669 1594; x_wconf 83' lang='grc' dir='ltr'><em>έν</em></span> <span class='ocrx_word' id='word_1_96' title='bbox 689 1533 731 1614; x_wconf 80' lang='grc' dir='ltr'><em>τῷ</em></span> <span class='ocrx_word' id='word_1_97' title='bbox 751 1528 928 1616; x_wconf 75' lang='grc' dir='ltr'><em>δημιουργῷ</em></span> <span class='ocrx_word' id='word_1_98' title='bbox 949 1527 988 1596; x_wconf 85' lang='grc' dir='ltr'><em>τά</em></span> <span class='ocrx_word' id='word_1_99' title='bbox 1014 1538 1101 1615; x_wconf 82' lang='grc' dir='ltr'><em>τρία,</em></span> <span class='ocrx_word' id='word_1_100' title='bbox 1130 1535 1161 1595; x_wconf 79' lang='grc' dir='ltr'><em>τί</em></span> <span class='ocrx_word' id='word_1_101' title='bbox 1181 1527 1248 1613; x_wconf 77' lang='grc' dir='ltr'><em>σιἰχὶ</em></span> <span class='ocrx_word' id='word_1_102' title='bbox 1271 1533 1324 1594; x_wconf 84' lang='grc' dir='ltr'><em>καὶ</em></span> 
     </span>
     <span class='ocr_line' id='line_1_13' title="bbox 228 1633 1323 1724; baseline -0.003 -21"><span class='ocrx_word' id='word_1_103' title='bbox 228 1644 261 1703; x_wconf 88' lang='grc' dir='ltr'><em>έν</em></span> <span class='ocrx_word' id='word_1_104' title='bbox 291 1642 334 1724; x_wconf 77' lang='grc' dir='ltr'><em>τῷ</em></span> <span class='ocrx_word' id='word_1_105' title='bbox 359 1637 500 1722; x_wconf 86' lang='grc' dir='ltr'><em>ἡνωμένῳ</em></span> <span class='ocrx_word' id='word_1_106' title='bbox 526 1633 562 1702; x_wconf 85' lang='grc' dir='ltr'><em>τό</em></span> <span class='ocrx_word' id='word_1_107' title='bbox 590 1644 622 1702; x_wconf 83' lang='grc' dir='ltr'><em>έν</em></span> <span class='ocrx_word' id='word_1_108' title='bbox 650 1640 703 1703; x_wconf 76' lang='grc' dir='ltr'><em>καὶ</em></span> <span class='ocrx_word' id='word_1_109' title='bbox 728 1636 764 1703; x_wconf 86' lang='grc' dir='ltr'><em>τό</em></span> <span class='ocrx_word' id='word_1_110' title='bbox 794 1634 847 1717; x_wconf 83' lang='grc' dir='ltr'><em>όν,</em></span> <span class='ocrx_word' id='word_1_111' title='bbox 883 1639 920 1704; x_wconf 78' lang='grc' dir='ltr'><em>οὗ</em></span> <span class='ocrx_word' id='word_1_112' title='bbox 952 1638 1162 1724; x_wconf 83' lang='grc' dir='ltr'><em>διωρισμέναις</em></span> <span class='ocrx_word' id='word_1_113' title='bbox 1190 1643 1323 1718; x_wconf 78' lang='grc' dir='ltr'><em>αἰτίαις,·</em></span> 
     </span>
     <span class='ocr_line' id='line_1_14' title="bbox 227 1741 1323 1831; baseline 0.004 -21"><span class='ocrx_word' id='word_1_114' title='bbox 227 1745 313 1812; x_wconf 78' lang='grc' dir='ltr'><em>οὔπω</em></span> <span class='ocrx_word' id='word_1_115' title='bbox 334 1743 392 1831; x_wconf 77' lang='grc' dir='ltr'><em>γάρ</em></span> <span class='ocrx_word' id='word_1_116' title='bbox 414 1750 475 1811; x_wconf 79' lang='grc' dir='ltr'><em>ἐκεῖ</em></span> <span class='ocrx_word' id='word_1_117' title='bbox 491 1741 665 1831; x_wconf 88' lang='grc' dir='ltr'><em>διορισμός,</em></span> <span class='ocrx_word' id='word_1_118' title='bbox 693 1743 772 1812; x_wconf 71' lang='grc' dir='ltr'><em>ἀλλά</em></span> <span class='ocrx_word' id='word_1_119' title='bbox 793 1749 871 1812; x_wconf 88' lang='grc' dir='ltr'><em>κατά</em></span> <span class='ocrx_word' id='word_1_120' title='bbox 889 1753 961 1831; x_wconf 80' lang='grc' dir='ltr'><em>μίαν</em></span> <span class='ocrx_word' id='word_1_121' title='bbox 982 1746 1093 1831; x_wconf 70' lang='grc' dir='ltr'><em>ἀμφοῖν</em></span> <span class='ocrx_word' id='word_1_122' title='bbox 1112 1745 1241 1830; x_wconf 78' lang='grc' dir='ltr'><em>αἰτιάδη</em></span> <span class='ocrx_word' id='word_1_123' title='bbox 1264 1748 1323 1814; x_wconf 81' lang='grc' dir='ltr'><em>τοῦ</em></span> 
     </span>
     <span class='ocr_line' id='line_1_15' title="bbox 227 1845 1324 1942; baseline -0.001 -20"><span class='ocrx_word' id='word_1_124' title='bbox 227 1857 384 1940; x_wconf 78' lang='grc' dir='ltr'><em>ἡνωμένον</em></span> <span class='ocrx_word' id='word_1_125' title='bbox 409 1854 449 1928; x_wconf 80' lang='grc' dir='ltr'><em>ὡς</em></span> <span class='ocrx_word' id='word_1_126' title='bbox 470 1853 601 1939; x_wconf 75' lang='grc' dir='ltr'><em>ἀλὴθοῖς</em></span> <span class='ocrx_word' id='word_1_127' title='bbox 621 1848 771 1942; x_wconf 78' lang='grc' dir='ltr'><em>ὕπαρξιν,</em></span> <span class='ocrx_word' id='word_1_128' title='bbox 798 1845 876 1922; x_wconf 78' lang='grc' dir='ltr'><em>όόστε</em></span> <span class='ocrx_word' id='word_1_129' title='bbox 905 1852 1039 1921; x_wconf 78' lang='grc' dir='ltr'><em>συνελών</em></span> <span class='ocrx_word' id='word_1_130' title='bbox 1059 1857 1177 1933; x_wconf 81' lang='grc' dir='ltr'><em>ἀξιώσω</em></span> <span class='ocrx_word' id='word_1_131' title='bbox 1204 1853 1239 1922; x_wconf 92' lang='grc' dir='ltr'><em>τό</em></span> <span class='ocrx_word' id='word_1_132' title='bbox 1267 1857 1324 1940; x_wconf 81' lang='grc' dir='ltr'><em>μὲν</em></span> 
     </span>
     <span class='ocr_line' id='line_1_16' title="bbox 228 1961 1323 2062; baseline 0.004 -34"><span class='ocrx_word' id='word_1_133' title='bbox 228 1961 305 2031; x_wconf 79' lang='grc' dir='ltr'><em>κατά</em></span> <span class='ocrx_word' id='word_1_134' title='bbox 326 1962 451 2042; x_wconf 76' lang='grc' dir='ltr'><em>ἔνδειξιν</em></span> <span class='ocrx_word' id='word_1_135' title='bbox 472 1969 503 2028; x_wconf 85' lang='grc' dir='ltr'><em>έν</em></span> <span class='ocrx_word' id='word_1_136' title='bbox 523 1965 697 2047; x_wconf 79' lang='grc' dir='ltr'><em>εἰρημένον,</em></span> <span class='ocrx_word' id='word_1_137' title='bbox 730 1962 800 2029; x_wconf 78' lang='grc' dir='ltr'><em>οὐδὲ</em></span> <span class='ocrx_word' id='word_1_138' title='bbox 820 1970 853 2029; x_wconf 81' lang='grc' dir='ltr'><em>έν</em></span> <span class='ocrx_word' id='word_1_139' title='bbox 877 1964 954 2030; x_wconf 86' lang='grc' dir='ltr'><em>εἶναι</em></span> <span class='ocrx_word' id='word_1_140' title='bbox 979 1969 1020 2062; x_wconf 72' lang='grc' dir='ltr'><em>τῇ</em></span> <span class='ocrx_word' id='word_1_141' title='bbox 1042 1965 1193 2050; x_wconf 73' lang='grc' dir='ltr'><em>ἀληθείᾳ·</em></span> <span class='ocrx_word' id='word_1_142' title='bbox 1226 1963 1323 2033; x_wconf 80' lang='grc' dir='ltr'><em>τόδὲ</em></span> 
     </span>
     <span class='ocr_line' id='line_1_17' title="bbox 227 2069 1322 2158; baseline 0.003 -21"><span class='ocrx_word' id='word_1_143' title='bbox 227 2072 291 2156; x_wconf 89' lang='grc' dir='ltr'><em>μετ’</em></span> <span class='ocrx_word' id='word_1_144' title='bbox 322 2075 416 2138; x_wconf 74' lang='grc' dir='ltr'><em>έκεῖνο</em></span> <span class='ocrx_word' id='word_1_145' title='bbox 446 2071 548 2137; x_wconf 74' lang='grc' dir='ltr'><em>πολλὰ</em></span> <span class='ocrx_word' id='word_1_146' title='bbox 572 2074 713 2157; x_wconf 75' lang='grc' dir='ltr'><em>ρηθέντα</em></span> <span class='ocrx_word' id='word_1_147' title='bbox 739 2069 818 2137; x_wconf 81' lang='grc' dir='ltr'><em>κατά</em></span> <span class='ocrx_word' id='word_1_148' title='bbox 838 2070 981 2152; x_wconf 74' lang='grc' dir='ltr'><em>ἔνδειξιν,</em></span> <span class='ocrx_word' id='word_1_149' title='bbox 1012 2071 1215 2158; x_wconf 85' lang='grc' dir='ltr'><em>μεσότητα</em></span> <span class='ocrx_word' id='word_1_150' title='bbox 1237 2073 1322 2140; x_wconf 84' lang='grc' dir='ltr'><em>εἶναι</em></span> 
     </span>
     <span class='ocr_line' id='line_1_18' title="bbox 227 2175 1324 2268; baseline 0.002 -22"><span class='ocrx_word' id='word_1_151' title='bbox 227 2183 278 2246; x_wconf 85' lang='grc' dir='ltr'><em>καὶ</em></span> <span class='ocrx_word' id='word_1_152' title='bbox 300 2181 364 2246; x_wconf 84' lang='grc' dir='ltr'><em>οἷον</em></span> <span class='ocrx_word' id='word_1_153' title='bbox 385 2178 594 2265; x_wconf 88' lang='grc' dir='ltr'><em>πρσπσδισμόν</em></span> <span class='ocrx_word' id='word_1_154' title='bbox 614 2183 732 2247; x_wconf 87' lang='grc' dir='ltr'><em>έκείνον</em></span> <span class='ocrx_word' id='word_1_155' title='bbox 753 2175 829 2265; x_wconf 88' lang='grc' dir='ltr'><em>πρός</em></span> <span class='ocrx_word' id='word_1_156' title='bbox 849 2177 884 2246; x_wconf 87' lang='grc' dir='ltr'><em>τό</em></span> <span class='ocrx_word' id='word_1_157' title='bbox 896 2182 1049 2266; x_wconf 78' lang='grc' dir='ltr'><em>ἡνωμένον</em></span> <span class='ocrx_word' id='word_1_158' title='bbox 1061 2186 1113 2248; x_wconf 79' lang='grc' dir='ltr'><em>καὶ</em></span> <span class='ocrx_word' id='word_1_159' title='bbox 1134 2177 1244 2262; x_wconf 72' lang='grc' dir='ltr'><em>ὕφεσιν</em></span> <span class='ocrx_word' id='word_1_160' title='bbox 1261 2189 1324 2268; x_wconf 79' lang='grc' dir='ltr'><em>τῆς</em></span> 
     </span>
     <span class='ocr_line' id='line_1_19' title="bbox 228 2286 1324 2375; baseline 0.004 -21"><span class='ocrx_word' id='word_1_161' title='bbox 228 2286 351 2373; x_wconf 78' lang='grc' dir='ltr'><em>πραότης</em></span> <span class='ocrx_word' id='word_1_162' title='bbox 375 2287 470 2374; x_wconf 76' lang='grc' dir='ltr'><em>ἀρχῆς</em></span> <span class='ocrx_word' id='word_1_163' title='bbox 498 2293 529 2364; x_wconf 84' lang='grc' dir='ltr'><em>ές</em></span> <span class='ocrx_word' id='word_1_164' title='bbox 554 2286 609 2372; x_wconf 91' lang='grc' dir='ltr'><em>τὴν</em></span> <span class='ocrx_word' id='word_1_165' title='bbox 626 2294 681 2373; x_wconf 78' lang='grc' dir='ltr'><em>τῆς</em></span> <span class='ocrx_word' id='word_1_166' title='bbox 702 2295 804 2375; x_wconf 76' lang='grc' dir='ltr'><em>τρίτης</em></span> <span class='ocrx_word' id='word_1_167' title='bbox 822 2288 1008 2355; x_wconf 83' lang='grc' dir='ltr'><em>ὑπόστασιν·</em></span> <span class='ocrx_word' id='word_1_168' title='bbox 1035 2288 1071 2356; x_wconf 81' lang='grc' dir='ltr'><em>τό</em></span> <span class='ocrx_word' id='word_1_169' title='bbox 1091 2291 1125 2356; x_wconf 86' lang='grc' dir='ltr'><em>δέ</em></span> <span class='ocrx_word' id='word_1_170' title='bbox 1145 2289 1239 2375; x_wconf 80' lang='grc' dir='ltr'><em>ἀκρον</em></span> <span class='ocrx_word' id='word_1_171' title='bbox 1259 2297 1324 2358; x_wconf 83' lang='grc' dir='ltr'><em>τοῦ</em></span> 
     </span>
     <span class='ocr_line' id='line_1_20' title="bbox 228 2391 1323 2486; baseline 0.004 -24"><span class='ocrx_word' id='word_1_172' title='bbox 228 2399 383 2481; x_wconf 73' lang='grc' dir='ltr'><em>ἡνωμένον</em></span> <span class='ocrx_word' id='word_1_173' title='bbox 398 2394 453 2486; x_wconf 90' lang='grc' dir='ltr'><em>τὴν</em></span> <span class='ocrx_word' id='word_1_174' title='bbox 464 2404 567 2484; x_wconf 79' lang='grc' dir='ltr'><em>τρίτην</em></span> <span class='ocrx_word' id='word_1_175' title='bbox 582 2398 659 2464; x_wconf 78' lang='grc' dir='ltr'><em>εἶναι</em></span> <span class='ocrx_word' id='word_1_176' title='bbox 680 2394 795 2482; x_wconf 81' lang='grc' dir='ltr'><em>ταύτην</em></span> <span class='ocrx_word' id='word_1_177' title='bbox 816 2395 925 2483; x_wconf 86' lang='grc' dir='ltr'><em>ἀρχὴν,</em></span> <span class='ocrx_word' id='word_1_178' title='bbox 950 2393 984 2464; x_wconf 93' lang='grc' dir='ltr'><em>τό</em></span> <span class='ocrx_word' id='word_1_179' title='bbox 1002 2399 1156 2484; x_wconf 76' lang='grc' dir='ltr'><em>ἡνωμένον</em></span> <span class='ocrx_word' id='word_1_180' title='bbox 1177 2391 1275 2466; x_wconf 76' lang='grc' dir='ltr'><em>οὖσαν</em></span> <span class='ocrx_word' id='word_1_181' title='bbox 1291 2406 1323 2483; x_wconf 88' lang='lat'><em>²)</em></span> 
     </span>
     <span class='ocr_line' id='line_1_21' title="bbox 226 2499 1325 2590; baseline 0.005 -20"><span class='ocrx_word' id='word_1_182' title='bbox 226 2507 283 2570; x_wconf 84' lang='grc' dir='ltr'><em>τοῦ</em></span> <span class='ocrx_word' id='word_1_183' title='bbox 303 2500 418 2580; x_wconf 84' lang='grc' dir='ltr'><em>παντός</em></span> <span class='ocrx_word' id='word_1_184' title='bbox 438 2503 601 2588; x_wconf 87' lang='grc' dir='ltr'><em>ἡνωμένον.</em></span> <span class='ocrx_word' id='word_1_185' title='bbox 640 2501 734 2572; x_wconf 77' lang='grc' dir='ltr'><em>Μετὰ</em></span> <span class='ocrx_word' id='word_1_186' title='bbox 762 2499 819 2589; x_wconf 76' lang='grc' dir='ltr'><em>γάρ</em></span> <span class='ocrx_word' id='word_1_187' title='bbox 846 2499 940 2589; x_wconf 79' lang='grc' dir='ltr'><em>αὖτὴν</em></span> <span class='ocrx_word' id='word_1_188' title='bbox 960 2499 995 2569; x_wconf 87' lang='grc' dir='ltr'><em>τό</em></span> <span class='ocrx_word' id='word_1_189' title='bbox 1015 2503 1240 2590; x_wconf 84' lang='grc' dir='ltr'><em>διακρινόμενον</em></span> <span class='ocrx_word' id='word_1_190' title='bbox 1260 2509 1325 2576; x_wconf 80' lang='grc' dir='ltr'><em>αὖ·</em></span> 
     </span>
     <span class='ocr_line' id='line_1_22' title="bbox 227 2607 1326 2696; baseline 0.006 -18"><span class='ocrx_word' id='word_1_191' title='bbox 227 2617 283 2679; x_wconf 87' lang='grc' dir='ltr'><em>τοῦ</em></span> <span class='ocrx_word' id='word_1_192' title='bbox 309 2614 362 2679; x_wconf 72' lang='grc' dir='ltr'><em>καὶ</em></span> <span class='ocrx_word' id='word_1_193' title='bbox 392 2607 467 2679; x_wconf 77' lang='grc' dir='ltr'><em>όλσν</em></span> <span class='ocrx_word' id='word_1_194' title='bbox 500 2614 551 2676; x_wconf 82' lang='grc' dir='ltr'><em>καὶ</em></span> <span class='ocrx_word' id='word_1_195' title='bbox 576 2614 674 2696; x_wconf 75' lang='grc' dir='ltr'><em>μερῶν</em></span> <span class='ocrx_word' id='word_1_196' title='bbox 703 2611 744 2686; x_wconf 79' lang='grc' dir='ltr'><em>ὥς</em></span> <span class='ocrx_word' id='word_1_197' title='bbox 768 2611 924 2696; x_wconf 87' lang='grc' dir='ltr'><em>ἡνωμένον</em></span> <span class='ocrx_word' id='word_1_198' title='bbox 952 2612 1135 2696; x_wconf 85' lang='grc' dir='ltr'><em>ἕμφατικόν,</em></span> <span class='ocrx_word' id='word_1_199' title='bbox 1163 2616 1205 2690; x_wconf 78' lang='grc' dir='ltr'><em>ὡς</em></span> <span class='ocrx_word' id='word_1_200' title='bbox 1224 2620 1326 2696; x_wconf 80' lang='grc' dir='ltr'><em>εἴτις</em></span> 
     </span>
     <span class='ocr_line' id='line_1_23' title="bbox 226 2716 1325 2810; baseline 0.004 -24"><span class='ocrx_word' id='word_1_201' title='bbox 226 2720 319 2786; x_wconf 80' lang='grc' dir='ltr'><em>ὠδῖνα</em></span> <span class='ocrx_word' id='word_1_202' title='bbox 340 2727 417 2805; x_wconf 81' lang='grc' dir='ltr'><em>φαίη</em></span> <span class='ocrx_word' id='word_1_203' title='bbox 438 2723 494 2803; x_wconf 78' lang='grc' dir='ltr'><em>τῆς</em></span> <span class='ocrx_word' id='word_1_204' title='bbox 514 2722 571 2786; x_wconf 82' lang='grc' dir='ltr'><em>τοῦ</em></span> <span class='ocrx_word' id='word_1_205' title='bbox 590 2719 744 2805; x_wconf 88' lang='grc' dir='ltr'><em>ἡνωμένον</em></span> <span class='ocrx_word' id='word_1_206' title='bbox 766 2716 941 2802; x_wconf 74' lang='grc' dir='ltr'><em>διακρίσεως</em></span> <span class='ocrx_word' id='word_1_207' title='bbox 962 2723 1014 2786; x_wconf 73' lang='grc' dir='ltr'><em>καὶ</em></span> <span class='ocrx_word' id='word_1_208' title='bbox 1036 2721 1101 2788; x_wconf 79' lang='grc' dir='ltr'><em>οἷον</em></span> <span class='ocrx_word' id='word_1_209' title='bbox 1121 2725 1325 2810; x_wconf 85' lang='grc' dir='ltr'><em>παρασκενὴν</em></span> 
     </span>
     <span class='ocr_line' id='line_1_24' title="bbox 226 2829 332 2915; baseline -0.047 -19"><span class='ocrx_word' id='word_1_210' title='bbox 226 2829 332 2915; x_wconf 73' lang='grc' dir='ltr'><em>αὐτῆς.</em></span> 
     </span>
     <span class='ocr_line' id='line_1_25' title="bbox 145 2932 1321 3024; baseline 0.006 -24"><span class='ocrx_word' id='word_1_211' title='bbox 145 2965 207 3021; x_wconf 69' lang='lat' dir='ltr'><em>pag.</em></span> <span class='ocrx_word' id='word_1_212' title='bbox 307 2932 402 3002; x_wconf 86' lang='grc' dir='ltr'><em>Μετά</em></span> <span class='ocrx_word' id='word_1_213' title='bbox 426 2934 460 3000; x_wconf 85' lang='grc' dir='ltr'><em>δὲ</em></span> <span class='ocrx_word' id='word_1_214' title='bbox 479 2934 535 3018; x_wconf 89' lang='grc' dir='ltr'><em>τὴν</em></span> <span class='ocrx_word' id='word_1_215' title='bbox 553 2938 707 3020; x_wconf 85' lang='grc' dir='ltr'><em>μεσότητα</em></span> <span class='ocrx_word' id='word_1_216' title='bbox 728 2933 842 3020; x_wconf 81' lang='grc' dir='ltr'><em>ταύτην</em></span> <span class='ocrx_word' id='word_1_217' title='bbox 861 2935 882 3022; x_wconf 92' lang='grc' dir='ltr'><em>ἡ</em></span> <span class='ocrx_word' id='word_1_218' title='bbox 904 2937 995 3022; x_wconf 79' lang='grc' dir='ltr'><em>βάσις</em></span> <span class='ocrx_word' id='word_1_219' title='bbox 1014 2939 1079 3002; x_wconf 80' lang='grc' dir='ltr'><em>ε’στό</em></span> <span class='ocrx_word' id='word_1_220' title='bbox 1099 2941 1157 3003; x_wconf 84' lang='grc' dir='ltr'><em>τοῦ</em></span> <span class='ocrx_word' id='word_1_221' title='bbox 1176 2947 1321 3024; x_wconf 78' lang='grc' dir='ltr'><em>νοητοῦ</em></span> 
     </span>
     <span class='ocr_line' id='line_1_26' title="bbox 149 3035 1319 3130; baseline 0.003 -18"><span class='ocrx_word' id='word_1_222' title='bbox 149 3035 204 3072; x_wconf 85' lang='lat'><em>&#39;¹⁰</em></span> <span class='ocrx_word' id='word_1_223' title='bbox 226 3050 278 3112; x_wconf 82' lang='grc' dir='ltr'><em>καὶ</em></span> <span class='ocrx_word' id='word_1_224' title='bbox 305 3073 342 3112; x_wconf 96' lang='grc' dir='ltr'><em>το</em></span> <span class='ocrx_word' id='word_1_225' title='bbox 331 3042 583 3128; x_wconf 81' lang='grc' dir='ltr'><em>διακεκριμένον</em></span> <span class='ocrx_word' id='word_1_226' title='bbox 609 3047 664 3130; x_wconf 82' lang='grc' dir='ltr'><em>τὴς</em></span> <span class='ocrx_word' id='word_1_227' title='bbox 684 3043 838 3130; x_wconf 85' lang='grc' dir='ltr'><em>ἡνωμένης</em></span> <span class='ocrx_word' id='word_1_228' title='bbox 859 3045 992 3128; x_wconf 86' lang='grc' dir='ltr'><em>φάσεως·</em></span> <span class='ocrx_word' id='word_1_229' title='bbox 1014 3041 1062 3111; x_wconf 89' lang='grc' dir='ltr'><em>διό</em></span> <span class='ocrx_word' id='word_1_230' title='bbox 1085 3049 1136 3112; x_wconf 79' lang='grc' dir='ltr'><em>καὶ</em></span> <span class='ocrx_word' id='word_1_231' title='bbox 1157 3045 1195 3114; x_wconf 87' lang='grc' dir='ltr'><em>τά</em></span> <span class='ocrx_word' id='word_1_232' title='bbox 1218 3048 1319 3125; x_wconf 85' lang='grc' dir='ltr'><em>ὁπως-</em></span> 
     </span>
     <span class='ocr_line' id='line_1_27' title="bbox 228 3151 1319 3258; baseline 0.003 -37"><span class='ocrx_word' id='word_1_233' title='bbox 228 3179 285 3221; x_wconf 90' lang='grc' dir='ltr'><em>ονν</em></span> <span class='ocrx_word' id='word_1_234' title='bbox 305 3157 368 3219; x_wconf 80' lang='grc' dir='ltr'><em>ἐκεῖ</em></span> <span class='ocrx_word' id='word_1_235' title='bbox 391 3151 557 3219; x_wconf 80' lang='grc' dir='ltr'><em>διαστάντα</em></span> <span class='ocrx_word' id='word_1_236' title='bbox 578 3151 728 3258; x_wconf 87' lang='grc' dir='ltr'><em>ἡνωμένα,</em></span> <span class='ocrx_word' id='word_1_237' title='bbox 952 3180 1017 3220; x_wconf 90' lang='grc' dir='ltr'><em>στιν</em></span> <span class='ocrx_word' id='word_1_238' title='bbox 1038 3154 1093 3222; x_wconf 79' lang='grc' dir='ltr'><em>οὐκ</em></span> <span class='ocrx_word' id='word_1_239' title='bbox 1115 3154 1319 3240; x_wconf 72' lang='grc' dir='ltr'><em>ἀπολειπομέ</em></span> 
     </span>
     <span class='ocr_line' id='line_1_28' title="bbox 226 3257 1319 3344; baseline 0.002 -14"><span class='ocrx_word' id='word_1_240' title='bbox 226 3289 284 3331; x_wconf 92' lang='grc' dir='ltr'><em>νον</em></span> <span class='ocrx_word' id='word_1_241' title='bbox 305 3266 371 3326; x_wconf 86' lang='grc' dir='ltr'><em>κατ’</em></span> <span class='ocrx_word' id='word_1_242' title='bbox 395 3258 485 3326; x_wconf 76' lang='grc' dir='ltr'><em>οὐδέν</em></span> <span class='ocrx_word' id='word_1_243' title='bbox 511 3285 573 3325; x_wconf 92' lang='grc' dir='ltr'><em>των</em></span> <span class='ocrx_word' id='word_1_244' title='bbox 594 3257 771 3342; x_wconf 86' lang='grc' dir='ltr'><em>τμημάτων,</em></span> <span class='ocrx_word' id='word_1_245' title='bbox 798 3257 868 3326; x_wconf 75' lang='grc' dir='ltr'><em>οὔτε</em></span> <span class='ocrx_word' id='word_1_246' title='bbox 888 3286 943 3326; x_wconf 91' lang='grc' dir='ltr'><em>τσο</em></span> <span class='ocrx_word' id='word_1_247' title='bbox 964 3257 1032 3336; x_wconf 80' lang='grc' dir='ltr'><em>ἑνός</em></span> <span class='ocrx_word' id='word_1_248' title='bbox 1055 3259 1127 3328; x_wconf 75' lang='grc' dir='ltr'><em>οὔτε</em></span> <span class='ocrx_word' id='word_1_249' title='bbox 1143 3268 1200 3329; x_wconf 83' lang='grc' dir='ltr'><em>Ιτοῦ</em></span> <span class='ocrx_word' id='word_1_250' title='bbox 1223 3260 1319 3344; x_wconf 76' lang='grc' dir='ltr'><em>ὄντος,</em></span> 
     </span>
     <span class='ocr_line' id='line_1_29' title="bbox 226 3367 1319 3463; baseline 0.002 -25"><span class='ocrx_word' id='word_1_251' title='bbox 226 3400 266 3449; x_wconf 90' lang='grc' dir='ltr'><em>ως</em></span> <span class='ocrx_word' id='word_1_252' title='bbox 291 3373 385 3457; x_wconf 81' lang='grc' dir='ltr'><em>φησὶν</em></span> <span class='ocrx_word' id='word_1_253' title='bbox 412 3367 662 3444; x_wconf 83' lang='grc' dir='ltr'><em>όΠλάτωνος</em></span> <span class='ocrx_word' id='word_1_254' title='bbox 677 3368 1000 3454; x_wconf 84' lang='grc' dir='ltr'><em>3)Παρμενι’δης,</em></span> <span class='ocrx_word' id='word_1_255' title='bbox 1030 3397 1081 3436; x_wconf 88' lang='grc' dir='ltr'><em>και</em></span> <span class='ocrx_word' id='word_1_256' title='bbox 1099 3367 1173 3436; x_wconf 81' lang='grc' dir='ltr'><em>οότε</em></span> <span class='ocrx_word' id='word_1_257' title='bbox 1193 3376 1319 3463; x_wconf 73' lang='grc' dir='ltr'><em>θεωρη-</em></span> 
     </span>
     <span class='ocr_line' id='line_1_30' title="bbox 141 3469 1313 3610; baseline 0.002 -64"><span class='ocrx_word' id='word_1_258' title='bbox 141 3559 145 3568; x_wconf 38' lang='grc'><em>,</em></span> <span class='ocrx_word' id='word_1_259' title='bbox 226 3485 299 3547; x_wconf 87' lang='grc' dir='ltr'><em>τέσν</em></span> <span class='ocrx_word' id='word_1_260' title='bbox 315 3479 367 3545; x_wconf 86' lang='grc' dir='ltr'><em>τόν</em></span> <span class='ocrx_word' id='word_1_261' title='bbox 386 3476 498 3610; x_wconf 90' lang='grc' dir='ltr'><em>νοητόν</em></span> <span class='ocrx_word' id='word_1_262' title='bbox 519 3479 606 3555; x_wconf 84' lang='grc' dir='ltr'><em>νοῦν,</em></span> <span class='ocrx_word' id='word_1_263' title='bbox 633 3476 857 3562; x_wconf 83' lang='grc' dir='ltr'><em>διακεκριμένον</em></span> <span class='ocrx_word' id='word_1_264' title='bbox 878 3483 992 3562; x_wconf 68' lang='grc' dir='ltr'><em>νοητοῖς</em></span> <span class='ocrx_word' id='word_1_265' title='bbox 1014 3469 1030 3542; x_wconf 83' lang='grc' dir='ltr'><em>ό</em></span> <span class='ocrx_word' id='word_1_266' title='bbox 1053 3482 1152 3588; x_wconf 87' lang='grc' dir='ltr'><em>ε’·οτιν,</em></span> <span class='ocrx_word' id='word_1_267' title='bbox 1172 3485 1217 3556; x_wconf 89' lang='grc' dir='ltr'><em>εις</em></span> <span class='ocrx_word' id='word_1_268' title='bbox 1239 3483 1313 3569; x_wconf 82' lang='grc' dir='ltr'><em>ἡιω·</em></span> 
     </span>
    </p>

    <p class='ocr_par' dir='ltr' id='par_1_3' title="bbox 225 3553 1320 3674">
     <span class='ocr_line' id='line_1_31' title="bbox 225 3553 1320 3674; baseline 0 -19"><span class='ocrx_word' id='word_1_269' title='bbox 225 3593 322 3674; x_wconf 67' lang='grc' dir='ltr'><em>μένα,</em></span> <span class='ocrx_word' id='word_1_270' title='bbox 345 3586 382 3653; x_wconf 83' lang='grc' dir='ltr'><em>οὐ</em></span> <span class='ocrx_word' id='word_1_271' title='bbox 404 3584 464 3672; x_wconf 87' lang='grc' dir='ltr'><em>μὴν</em></span> <span class='ocrx_word' id='word_1_272' title='bbox 485 3612 529 3661; x_wconf 89' lang='grc' dir='ltr'><em>εις</em></span> <span class='ocrx_word' id='word_1_273' title='bbox 551 3583 631 3668; x_wconf 81' lang='grc' dir='ltr'><em>εἴδη,</em></span> <span class='ocrx_word' id='word_1_274' title='bbox 653 3581 781 3669; x_wconf 76' lang='grc' dir='ltr'><em>πλὴν</em></span> <span class='ocrx_word' id='word_1_275' title='bbox 756 3611 782 3650; x_wconf 85' lang='grc' dir='ltr'><em>ει</em></span> <span class='ocrx_word' id='word_1_276' title='bbox 801 3585 843 3670; x_wconf 89' lang='grc' dir='ltr'><em>μὴ</em></span> <span class='ocrx_word' id='word_1_277' title='bbox 866 3583 905 3650; x_wconf 90' lang='grc' dir='ltr'><em>τά</em></span> <span class='ocrx_word' id='word_1_278' title='bbox 927 3586 1065 3670; x_wconf 81' lang='grc' dir='ltr'><em>ένιόματα</em></span> <span class='ocrx_word' id='word_1_279' title='bbox 1085 3553 1320 3674; x_wconf 83' lang='grc' dir='ltr'><em>παραδείγματα</em></span> 
     </span>
    </p>

    <p class='ocr_par' dir='ltr' id='par_1_4' title="bbox 224 3679 1320 3781">
     <span class='ocr_line' id='line_1_32' title="bbox 224 3679 1320 3781; baseline -0.002 -19"><span class='ocrx_word' id='word_1_280' title='bbox 224 3707 308 3762; x_wconf 88' lang='grc' dir='ltr'><em>ποιει</em></span> <span class='ocrx_word' id='word_1_281' title='bbox 328 3697 386 3760; x_wconf 79' lang='grc' dir='ltr'><em>τῶν</em></span> <span class='ocrx_word' id='word_1_282' title='bbox 407 3691 568 3777; x_wconf 84' lang='grc' dir='ltr'><em>εἰδητικων</em></span> <span class='ocrx_word' id='word_1_283' title='bbox 587 3686 850 3776; x_wconf 81' lang='grc' dir='ltr'><em>παραδειγμάτων.</em></span> <span class='ocrx_word' id='word_1_284' title='bbox 885 3694 989 3756; x_wconf 82' lang='grc' dir='ltr'><em>Τοῦτο</em></span> <span class='ocrx_word' id='word_1_285' title='bbox 1009 3692 1065 3773; x_wconf 83' lang='grc' dir='ltr'><em>μέν</em></span> <span class='ocrx_word' id='word_1_286' title='bbox 1086 3679 1144 3757; x_wconf 79' lang='grc' dir='ltr'><em>οὖν</em></span> <span class='ocrx_word' id='word_1_287' title='bbox 1165 3684 1266 3758; x_wconf 80' lang='grc' dir='ltr'><em>ὧδε”</em></span> <span class='ocrx_word' id='word_1_288' title='bbox 1244 3721 1320 3781; x_wconf 85' lang='grc' dir='ltr'><em>εχειν</em></span> 
     </span>
    </p>
   </div>
   <div class='ocr_carea' id='block_1_3' title="bbox 223 3807 1315 3998">
    <p class='ocr_par' dir='ltr' id='par_1_5' title="bbox 223 3807 1315 3998">
     <span class='ocr_line' id='line_1_33' title="bbox 223 3807 421 3890; baseline -0.025 -19"><span class='ocrx_word' id='word_1_289' title='bbox 223 3807 421 3890; x_wconf 83' lang='grc' dir='ltr'><em>όπονοητέον.</em></span> 
     </span>
     <span class='ocr_line' id='line_1_34' title="bbox 297 3903 1315 3998; baseline -0.002 -18"><span class='ocrx_word' id='word_1_290' title='bbox 297 3905 371 3980; x_wconf 81' lang='grc' dir='ltr'><em>’Ότι</em></span> <span class='ocrx_word' id='word_1_291' title='bbox 391 3911 424 3976; x_wconf 83' lang='grc' dir='ltr'><em>δὲ</em></span> <span class='ocrx_word' id='word_1_292' title='bbox 446 3912 553 3992; x_wconf 78' lang='grc' dir='ltr'><em>σαφῶς</em></span> <span class='ocrx_word' id='word_1_293' title='bbox 580 3907 670 3974; x_wconf 76' lang='grc' dir='ltr'><em>καὶὸ</em></span> <span class='ocrx_word' id='word_1_294' title='bbox 700 3905 868 3974; x_wconf 80' lang='grc' dir='ltr'><em>Πλάτων</em></span> <span class='ocrx_word' id='word_1_295' title='bbox 896 3903 1013 3991; x_wconf 74' lang='grc' dir='ltr'><em>ταύτην</em></span> <span class='ocrx_word' id='word_1_296' title='bbox 1034 3907 1139 3998; x_wconf 77' lang='grc' dir='ltr'><em>ἀγαπᾷ</em></span> <span class='ocrx_word' id='word_1_297' title='bbox 1160 3909 1215 3996; x_wconf 86' lang='grc' dir='ltr'><em>τὴν</em></span> <span class='ocrx_word' id='word_1_298' title='bbox 1239 3910 1315 3978; x_wconf 78' lang='grc' dir='ltr'><em>ὑπό·</em></span> 
     </span>
    </p>
   </div>
   <div class='ocr_carea' id='block_1_4' title="bbox 292 4072 982 4215">
    <p class='ocr_par' dir='ltr' id='par_1_6' title="bbox 292 4072 982 4215">
     <span class='ocr_line' id='line_1_35' title="bbox 292 4072 505 4146; baseline -0.014 -18"><span class='ocrx_word' id='word_1_299' title='bbox 292 4085 321 4146; x_wconf 78' lang='grc' dir='ltr'><em>τ)</em></span> <span class='ocrx_word' id='word_1_300' title='bbox 340 4078 413 4130; x_wconf 86' lang='lat' dir='ltr'>Idem</span> <span class='ocrx_word' id='word_1_301' title='bbox 433 4072 505 4129; x_wconf 79' lang='grc' dir='ltr'><em>οὖσα.</em></span> 
     </span>
     <span class='ocr_line' id='line_1_36' title="bbox 293 4141 982 4215; baseline -0.019 -13"><span class='ocrx_word' id='word_1_302' title='bbox 293 4151 322 4215; x_wconf 77' lang='lat'><em>3)</em></span> <span class='ocrx_word' id='word_1_303' title='bbox 343 4150 416 4201; x_wconf 86' lang='lat' dir='ltr'><strong>Mon.</strong></span> <span class='ocrx_word' id='word_1_304' title='bbox 437 4146 451 4198; x_wconf 84' lang='grc' dir='ltr'><em>ό</em></span> <span class='ocrx_word' id='word_1_305' title='bbox 470 4145 584 4198; x_wconf 80' lang='grc' dir='ltr'><em>Πλάτων</em></span> <span class='ocrx_word' id='word_1_306' title='bbox 604 4143 619 4195; x_wconf 81' lang='grc' dir='ltr'><strong>ὅ</strong></span> <span class='ocrx_word' id='word_1_307' title='bbox 638 4149 730 4213; x_wconf 85' lang='grc' dir='ltr'><em>Παρμ.</em></span> <span class='ocrx_word' id='word_1_308' title='bbox 749 4146 792 4194; x_wconf 74' lang='grc' dir='ltr'><em>καὶ</em></span> <span class='ocrx_word' id='word_1_309' title='bbox 811 4141 879 4193; x_wconf 82' lang='grc' dir='ltr'><em>οὕτω</em></span> <span class='ocrx_word' id='word_1_310' title='bbox 898 4144 982 4209; x_wconf 66' lang='grc' dir='ltr'><em>θεωρ.</em></span> 
     </span>
    </p>
   </div>
   <div class='ocr_carea' id='block_1_5' title="bbox 0 0 1390 4840">
    <p class='ocr_par' dir='ltr' id='par_1_7' title="bbox 0 0 1390 4840">
     <span class='ocr_line' id='line_1_37' title="bbox 0 0 1390 4840; baseline 0 0"><span class='ocrx_word' id='word_1_311' title='bbox 0 0 1390 4840; x_wconf 95' lang='lat' dir='ltr'><em> </em></span> 
     </span>
    </p>
   </div>
  </div>
 </body>
</html>
