2770 4840
207 243 296 368 τιό

208 441 269 526 ἔχει
294 437 351 523 τήν
376 439 509 528 τριπλῆν
536 445 635 528 σχέσιν
659 440 711 506 καί
732 435 810 520 πρὸς
830 436 867 504 τό
891 436 926 504 ίίν
947 436 1026 506 κατά
1047 438 1104 522 τὴν
1123 437 1184 503 ἀπ’,
1200 440 1301 502 ἐκείνου

209 552 336 629 γένεσιν.
375 547 468 617 Ἀλλά
488 552 560 634 περί
579 549 635 633 μὲν
655 547 774 614 τοότων
793 551 847 614 καί
867 541 976 623 αὖθις.

287 653 348 720 Ἐν
368 654 403 720 δὲ
424 656 467 740 τῷ
488 658 618 742 πρώτῳ,
640 663 731 743 τρίτῳ
755 653 909 736 γεγονότι,
939 650 978 721 τά
1000 660 1070 738 τρία
1087 657 1220 738 φανέντα
1239 678 1306 738 προ-

212 766 330 849 έρχεται
348 766 400 829 καί
420 761 472 829 διά
493 761 614 844 πάντων
630 767 693 830 τῶν
714 767 835 848 ἐφεξῆς.
889 770 1001 848 Τρίτον
1022 762 1101 842 λέγω
1122 761 1175 842 δὲ,
1207 761 1268 827 οἷον
1284 766 1307 825 εί

213 874 248 938 έν
269 873 312 956 τῷ
340 871 451 958 προίτῳ
472 869 570 957 έφάνη
587 877 645 957 νῷ,
676 874 729 936 ναί
756 877 789 937 έν
814 872 909 936 παντί
935 895 977 954 τῳ
998 869 1037 935 τόι
1058 875 1127 955 τρία
1148 873 1230 935 ἐστί·
1251 873 1308 933 ἐπι-

216 987 324 1064 κρατεί
342 976 376 1043 δὲ
397 977 479 1060 ὅμως
501 983 533 1046 ἐν
549 979 605 1063 μὲν
625 981 670 1062 τῷ
691 974 775 1062 ἄκρῳ
794 978 815 1064 ἡ
837 974 924 1061 μονὴ,
944 972 982 1042 τά
1000 974 1081 1041 ἄλλα
1102 975 1308 1042 είδοποιοῦσα·

216 1089 249 1152 έν
270 1084 305 1153 δέ
324 1091 367 1172 τῷ
389 1085 504 1172 ε’σχότῳ
524 1084 742 1172 ἡέπιστροφή·
763 1091 795 1152 ἐν
815 1084 849 1150 δὲ
870 1089 913 1169 τῷ
934 1096 1015 1169 μέσῳ
1035 1083 1056 1169 ἡ
1078 1083 1224 1167 πρόοδος.
1244 1081 1309 1152 Διό-

217 1219 274 1280 περ
295 1197 328 1260 ἓν
348 1197 457 1290 ἑκάστη
485 1199 577 1285 νοερᾷ
597 1190 698 1280 τριάδι
719 1191 754 1260 τὸ
775 1193 830 1278 μὲν
850 1195 973 1276 πρῶτον
993 1190 1212 1279 μονιμιίτερον,
1232 1188 1311 1258 τόδὲ

219 1298 362 1389 δεότερον
381 1302 642 1388 προοδίνοίτερον,
668 1301 704 1367 τό
724 1301 759 1368 δὲ
779 1307 881 1386 τρίτον
901 1297 1219 1388 ἐπιστρεπτικοίτερον.
1246 1300 1311 1367 Οἷα·

220 1409 278 1473 οὖν
305 1410 357 1475 ε’πί
382 1407 504 1485 τούτοις
524 1410 545 1494 ἡ
569 1404 656 1492 διττὴ
685 1405 763 1494 μονή
788 1407 843 1474 οὐκ
871 1405 973 1483 άλλως
996 1408 1183 1488 ὑπετίθετο,
1211 1410 1312 1490 είπερ

220 1516 356 1598 μένειν
390 1516 480 1582 ἐστὶ
508 1511 544 1581 τό
570 1517 613 1600 μή
639 1512 800 1596 διαστῆναι
826 1510 926 1598 πάντη
954 1516 1010 1580 τοῦ
1028 1520 1196 1593 γεννῶντος
1216 1521 1311 1588 αἰτίαν,

221 1618 265 1708 μὴ
288 1621 323 1688 δὲ
342 1625 401 1708 τη”ς
426 1626 541 1690 ἐκείνου
561 1617 693 1703 φάσεως.
723 1621 758 1687 τό
785 1620 820 1688 δὲ
844 1626 1102 1706 ἐπιστρέφειν
1125 1625 1193 1688 ἐστὶ
1215 1621 1251 1688 τὸ
1270 1619 1312 1702 τὴν

223 1731 338 1797 ἑαυτοῦ
368 1731 564 1817 περιγράφειν
590 1726 761 1796 ὑπόστασιν
780 1731 812 1793 έν
832 1733 878 1813 τῷ
903 1729 1155 1813 προεληλυθέναι
1175 1727 1251 1816 μετά
1268 1734 1314 1794 τοῦ

223 1843 337 1924 μένειν,
368 1845 420 1905 ἰ’να
445 1828 465 1923 ᾖ
491 1835 528 1904 τό
549 1835 625 1904 αὗτδ
651 1834 873 1922 προεληλυθός
903 1839 956 1902 καί
977 1838 1013 1902 οὐ
1033 1837 1269 1925 προεληλυθός,
1288 1834 1316 1900 οὐ

225 1949 448 2033 διεσπασμένον
476 1945 633 2032 ἑκάτερον,
659 1943 740 2014 ἄλλά
767 1942 1000 2028 συναμφότερόν
1028 1975 1058 2012 τι
1078 1946 1257 2034 γιγνόμενον
1274 1943 1316 2010 διό

227 2059 283 2141 τῆς
304 2059 535 2145 ε’πιστρεπτιιιῇς
557 2052 722 2140 ἰδιότητος.
768 2058 920 2120 Τοιοῦτον
941 2051 998 2140 γάρ
1021 2052 1055 2120 όν
1076 2054 1112 2124 τό
1134 2064 1238 2140 τρίτον
1258 2049 1315 2119 ίίλον

227 2143 302 2230 τίνα’
315 2158 352 2228 av
373 2165 436 2247 έχοι
456 2160 551 2248 μονίχν
571 2159 669 2247 άλλην
689 2161 766 2246 πρός
788 2159 880 2247 τήνδε
901 2159 958 2247 τὴν
976 2166 1177 2251 ἐπιστροφήν,
1198 2162 1219 2252 ἢ
1239 2161 1316 2246 τηνδε

228 2265 287 2354 τὴν
307 2265 462 2351 πρόοδονς
485 2272 518 2333 ἐί
547 2266 591 2351 μη’
612 2263 674 2351 άρα
698 2264 777 2350 πρός
798 2265 838 2332 τά
856 2266 931 2351 μετά
952 2272 1050 2336 ταῦτα
1071 2273 1124 2336 καί
1144 2271 1199 2336 ἀπ’
1227 2269 1316 2336 αὐτοῦ

229 2373 443 2463 παραγόμενος
470 2370 507 2441 τό
538 2370 595 2460 γάρ
617 2377 648 2439 ἐν
669 2377 713 2459 τηῖ
739 2379 838 2460 οἰκείῳ
867 2376 941 2442 είδει
967 2379 1019 2444 καί
1048 2405 1084 2472 τη
1121 2385 1219 2463 οἰκείᾳ
1250 2373 1318 2452 τάξει

232 2482 418 2572 παράγονί)
447 2484 499 2568 ἀφ’
525 2484 637 2550 ἑαυτοῦ
666 2481 704 2548 τοὶ
734 2481 786 2548 ἀπ’
807 2484 904 2551 αὐτοῦ
924 2481 961 2552 τό
982 2487 1109 2572 μόνιμον
1129 2489 1195 2575 έχσι
1216 2485 1251 2554 ἰίν
1269 2480 1318 2551 όπό

232 2598 289 2681 τῆς
313 2594 557 2677 συνουσιωμέιης
583 2594 690 2677 μονῆς.
740 2598 781 2657 Εί
801 2589 844 2678 μὴ
875 2592 932 2682 ι’ίρα
954 2594 1025 2660 οὐδὲ
1045 2598 1153 2682 ῥητέον
1175 2598 1215 2663 τά
1233 2591 1318 2680 παρά-

235 2727 329 2789 γοντα
356 2704 472 2786 μένειν,
502 2698 583 2765 ἄλλά
610 2698 650 2765 τά
676 2699 872 2786 παραγόμενα
900 2707 933 2768 έν
952 2715 1020 2779 τοῖς
1040 2702 1212 2790 προάγουσι
1229 2707 1278 2770 καί
1294 2706 1319 2766 ἐν

234 2815 373 2886 ἑαυτοῖς·
393 2805 416 2894 ἢ
436 2805 472 2874 τό
493 2811 593 2894 μένειν
612 2813 674 2874 τῶν
695 2806 894 2895 παραγόντων
913 2806 992 2876 κατά
1012 2807 1047 2876 τό
1065 2810 1107 2898 μή
1130 2814 1318 2899 συμπροίέναι

235 2929 300 2993 τοῖς
318 2920 541 3002 παραγομένοις
562 2917 746 3001 θεωρητέον.

323 3029 365 3090 Τί
386 3012 459 3105 σῦν;
475 3012 569 3088 “ozor
596 3018 632 3087 τό
664 3025 806 3090 τοιοῦτον
828 3022 886 3088 οὖν
907 3028 1079 3110 ἐπιστρέφει
1099 3024 1178 3114 πρὸς
1197 3026 1233 3095 τό
1248 3026 1323 3111 πρό-’

237 3155 310 3214 σονς
330 3126 354 3216 η’
374 3125 560 3215 ἐπιστροφήν
579 3127 759 3214 ποιήσεται,
780 3127 932 3215 ἢπριότον
951 3139 979 3199 εί
1000 3138 1177 3220 ε’πιστρέφοι
1202 3132 1273 3224 πρός
1290 3128 1318 3196 τό

237 3242 363 3318 γεννῶν,
393 3236 441 3303 δεῖ
466 3234 544 3304 αὐτό
571 3232 790 3324 προεληλυθὸς
819 3238 911 3319 εἶναι,
941 3244 993 3306 καί
1021 3241 1059 3309 οὗ
1084 3248 1167 3328 μένει
1181 3246 1226 3325 3),
1254 3237 1319 3320 άςλ

192 3357 195 3364 “
238 3345 363 3434 ἀπορία.
412 3353 452 3414 El
472 3345 506 3412 δὲ
534 3349 566 3412 έν
587 3349 629 3430 τῷ
649 3345 898 3431 προεληλυθέναι
919 3354 1020 3434 μένειν
1040 3351 1125 3433 λέγοι
1144 3383 1210 3435 τις,
1230 3357 1321 3419 ἒπίτα·

239 3481 288 3520 σιν
309 3454 394 3536 λέγοι
411 3450 448 3521 όν
469 3455 522 3520 καί
543 3453 609 3518 οἷον
629 3458 796 3540 βεβαίωσιν
816 3459 873 3522 τοῦ
893 3457 1147 3544 προεληλυθέναι
1170 3461 1225 3550 τὴν
1241 3454 1320 3541 αἰπήν

238 3558 348 3648 μονὴν,
374 3560 441 3628 δλλ’
463 3560 527 3646 οὐχί
548 3558 603 3647 τὴν
629 3560 881 3657 ἀντιδιηρημένην
907 3570 950 3661 τῇ
974 3566 1098 3654 προόδῳ
1127 3595 1161 3635 τε
1186 3572 1238 3636 καί
1265 3571 1320 3632 ε’πι-

240 3673 373 3758 στροφῇ,
402 3670 469 3734 έπεί
499 3669 551 3733 καί
571 3663 609 3735 τό
639 3671 830 3754 ἐπιστρέφειν
848 3679 994 3758 προϊέναι
1015 3680 1095 3741 ἐστί·
1121 3671 1256 3763 προκοπὴ
1275 3666 1319 3756 γάρ

239 3806 304 3859 τις,
331 3777 401 3844 ἀλλ’
428 3775 499 3861 οόχί
526 3774 588 3842 ἀπὸ
610 3780 666 3843 τοῦ
682 3786 794 3845 αιτίου.
838 3788 879 3848 El
899 3784 935 3850 δὲ
955 3786 1008 3851 καί
1026 3789 1153 3870 μέθεξιν
1174 3791 1206 3853 ἐν
1225 3779 1319 3869 ἑκάστῃ

260 3970 266 4060 1
309 3993 338 4053 ε)
356 3989 455 4043 Ηεπὼ.
473 3991 501 4042 in
519 4001 592 4043 textu
610 3989 761 4060 παράλογον
778 3993 812 4047 εδ
832 3995 916 4067 m'arg.
937 4017 978 4067 γρ.
997 3996 1125 4067 παράγον.
1145 3995 1218 4050 Ιπέτλ
1235 3999 1259 4046 ίν
1273 3991 1318 4042 τοῖς

239 4059 386 4129 παράγουσι
404 4060 482 4114 Mon.
518 4091 549 4100 -
584 4059 618 4124 δ)
636 4063 710 4112 Mon.
731 4066 774 4113 καὶ
793 4063 824 4115 οὐ
840 4070 1033 4134 μένειν....ιί
1050 4068 1078 4120 δὲ
1096 4071 1175 4136 ἓντῷ
1192 4061 1317 4138 προεληλν·

240 4135 319 4189 θέναι
336 4129 383 4197 τίχν
400 4129 526 4196 τοιαύτην
543 4130 625 4198 μονὴν
644 4130 733 4186 media
751 4132 858 4187 desunt.
881 4135 980 4190 Humb.
1000 4137 1048 4202 τὴν
1067 4138 1174 4209 διχρημ.
