<?xml version="1.0" encoding="UTF-8"?>
<!DOCTYPE html PUBLIC "-//W3C//DTD XHTML 1.0 Transitional//EN"
    "http://www.w3.org/TR/xhtml1/DTD/xhtml1-transitional.dtd">
<html xmlns="http://www.w3.org/1999/xhtml" xml:lang="en" lang="en">
 <head>
  <title>
</title>
<meta http-equiv="Content-Type" content="text/html;charset=utf-8" />
  <meta name='ocr-system' content='tesseract 3.04.00' />
  <meta name='ocr-capabilities' content='ocr_page ocr_carea ocr_par ocr_line ocrx_word'/>
</head>
<body>
  <div class='ocr_page' id='page_1' title='image "./gdamaskoudiadho00damagoog_0018.png"; bbox 0 0 2824 4838; ppageno 0'>
   <div class='ocr_carea' id='block_1_1' title="bbox 243 280 387 331">
    <p class='ocr_par' dir='ltr' id='par_1_1' title="bbox 243 280 387 331">
     <span class='ocr_line' id='line_1_1' title="bbox 243 280 387 331; baseline 0 0"><span class='ocrx_word' id='word_1_1' title='bbox 243 280 387 331; x_wconf 77' lang='lat' dir='ltr'><strong>xlv-</strong></span> 
     </span>
    </p>
   </div>
   <div class='ocr_carea' id='block_1_2' title="bbox 168 451 1373 2392">
    <p class='ocr_par' dir='ltr' id='par_1_2' title="bbox 240 451 1333 802">
     <span class='ocr_line' id='line_1_2' title="bbox 316 451 1333 555; baseline 0 -27"><span class='ocrx_word' id='word_1_2' title='bbox 316 454 397 554; x_wconf 91' lang='grc' dir='ltr'>ΙΙΙ)</span> <span class='ocrx_word' id='word_1_3' title='bbox 429 453 515 530; x_wconf 89' lang='lat' dir='ltr'><strong>Alia</strong></span> <span class='ocrx_word' id='word_1_4' title='bbox 538 451 668 529; x_wconf 85' lang='lat' dir='ltr'><strong>Nostri</strong></span> <span class='ocrx_word' id='word_1_5' title='bbox 700 453 988 545; x_wconf 82' lang='lat' dir='ltr'><strong>Commentario,</strong></span> <span class='ocrx_word' id='word_1_6' title='bbox 1021 452 1189 530; x_wconf 83' lang='lat' dir='ltr'><strong>Platonis</strong></span> <span class='ocrx_word' id='word_1_7' title='bbox 1214 479 1251 530; x_wconf 85' lang='lat' dir='ltr'><strong>v.</strong></span> <span class='ocrx_word' id='word_1_8' title='bbox 1276 476 1333 555; x_wconf 64' lang='lat' dir='ltr'><strong>gr,</strong></span> 
     </span>
     <span class='ocr_line' id='line_1_3' title="bbox 241 572 1333 676; baseline 0 -25"><span class='ocrx_word' id='word_1_9' title='bbox 241 580 281 652; x_wconf 90' lang='lat' dir='ltr'><strong>in</strong></span> <span class='ocrx_word' id='word_1_10' title='bbox 313 576 557 669; x_wconf 83' lang='lat' dir='ltr'><strong>Alcibiadem,</strong></span> <span class='ocrx_word' id='word_1_11' title='bbox 598 574 791 650; x_wconf 73' lang='lat' dir='ltr'><strong>Timaeum</strong></span> <span class='ocrx_word' id='word_1_12' title='bbox 822 575 987 675; x_wconf 85' lang='lat' dir='ltr'><strong>aliosque</strong></span> <span class='ocrx_word' id='word_1_13' title='bbox 1026 575 1219 675; x_wconf 78' lang='lat' dir='ltr'><strong>Dialogus,</strong></span> <span class='ocrx_word' id='word_1_14' title='bbox 1254 572 1333 676; x_wconf 81' lang='lat' dir='ltr'><strong>jum</strong></span> 
     </span>
     <span class='ocr_line' id='line_1_4' title="bbox 240 695 1321 802; baseline -0.001 -29"><span class='ocrx_word' id='word_1_15' title='bbox 240 698 383 798; x_wconf 89' lang='lat' dir='ltr'><strong>pridem</strong></span> <span class='ocrx_word' id='word_1_16' title='bbox 401 696 593 772; x_wconf 86' lang='lat' dir='ltr'><strong>interiisse</strong></span> <span class='ocrx_word' id='word_1_17' title='bbox 616 695 804 773; x_wconf 84' lang='lat' dir='ltr'><strong>videntur.</strong></span> <span class='ocrx_word' id='word_1_18' title='bbox 1319 793 1321 802; x_wconf 17' lang='lat' dir='ltr'><em>A</em></span> 
     </span>
    </p>

    <p class='ocr_par' dir='ltr' id='par_1_3' title="bbox 168 820 1373 2392">
     <span class='ocr_line' id='line_1_5' title="bbox 315 820 1334 920; baseline 0.001 -24"><span class='ocrx_word' id='word_1_19' title='bbox 315 823 390 920; x_wconf 89' lang='lat' dir='ltr'><strong>IV)</strong></span> <span class='ocrx_word' id='word_1_20' title='bbox 421 821 562 896; x_wconf 85' lang='lat' dir='ltr'><strong>Verum</strong></span> <span class='ocrx_word' id='word_1_21' title='bbox 599 844 676 896; x_wconf 94' lang='lat' dir='ltr'><strong>non</strong></span> <span class='ocrx_word' id='word_1_22' title='bbox 715 821 836 896; x_wconf 90' lang='lat' dir='ltr'><strong>solum</strong></span> <span class='ocrx_word' id='word_1_23' title='bbox 874 820 1086 915; x_wconf 89' lang='lat' dir='ltr'><strong>Platonem,</strong></span> <span class='ocrx_word' id='word_1_24' title='bbox 1122 821 1188 896; x_wconf 89' lang='lat' dir='ltr'><strong>sod</strong></span> <span class='ocrx_word' id='word_1_25' title='bbox 1222 822 1334 898; x_wconf 84' lang='lat' dir='ltr'><strong>etiam</strong></span> 
     </span>
     <span class='ocr_line' id='line_1_6' title="bbox 240 943 1330 1022; baseline -0.001 -3"><span class='ocrx_word' id='word_1_26' title='bbox 240 946 477 1022; x_wconf 76' lang='lat' dir='ltr'><strong>Aristotelem</strong></span> <span class='ocrx_word' id='word_1_27' title='bbox 509 943 727 1018; x_wconf 85' lang='lat' dir='ltr'><strong>Damascius</strong></span> <span class='ocrx_word' id='word_1_28' title='bbox 757 951 883 1020; x_wconf 85' lang='lat' dir='ltr'><strong>noster</strong></span> <span class='ocrx_word' id='word_1_29' title='bbox 923 943 1205 1020; x_wconf 80' lang='lat' dir='ltr'><strong>Commentariis</strong></span> <span class='ocrx_word' id='word_1_30' title='bbox 1241 944 1330 1020; x_wconf 90' lang='lat' dir='ltr'><strong>illn-</strong></span> 
     </span>
     <span class='ocr_line' id='line_1_7' title="bbox 239 1060 1333 1163; baseline -0.002 -19"><span class='ocrx_word' id='word_1_31' title='bbox 239 1069 388 1160; x_wconf 85' lang='lat' dir='ltr'><strong>stravit,</strong></span> <span class='ocrx_word' id='word_1_32' title='bbox 418 1074 456 1141; x_wconf 90' lang='lat' dir='ltr'><strong>et</strong></span> <span class='ocrx_word' id='word_1_33' title='bbox 486 1060 568 1163; x_wconf 89' lang='lat' dir='ltr'><strong>ejus</strong></span> <span class='ocrx_word' id='word_1_34' title='bbox 592 1065 885 1140; x_wconf 78' lang='lat' dir='ltr'><strong>Commentarius</strong></span> <span class='ocrx_word' id='word_1_35' title='bbox 909 1065 950 1141; x_wconf 93' lang='lat' dir='ltr'><strong>in</strong></span> <span class='ocrx_word' id='word_1_36' title='bbox 974 1065 1188 1142; x_wconf 86' lang='lat' dir='ltr'><strong>Aristotelis</strong></span> <span class='ocrx_word' id='word_1_37' title='bbox 1218 1069 1333 1142; x_wconf 89' lang='lat' dir='ltr'><strong>libros</strong></span> 
     </span>
     <span class='ocr_line' id='line_1_8' title="bbox 239 1183 1333 1264; baseline 0.003 -5"><span class='ocrx_word' id='word_1_38' title='bbox 239 1190 287 1262; x_wconf 86' lang='lat' dir='ltr'><strong>de</strong></span> <span class='ocrx_word' id='word_1_39' title='bbox 315 1189 416 1262; x_wconf 83' lang='lat' dir='ltr'><strong>Ccclo</strong></span> <span class='ocrx_word' id='word_1_40' title='bbox 440 1184 596 1261; x_wconf 85' lang='lat' dir='ltr'><strong>fortasse</strong></span> <span class='ocrx_word' id='word_1_41' title='bbox 620 1183 740 1260; x_wconf 89' lang='lat' dir='ltr'><strong>adbuc</strong></span> <span class='ocrx_word' id='word_1_42' title='bbox 763 1184 804 1258; x_wconf 92' lang='lat' dir='ltr'><strong>in</strong></span> <span class='ocrx_word' id='word_1_43' title='bbox 833 1184 1077 1261; x_wconf 90' lang='lat' dir='ltr'><strong>Bibliotbocis</strong></span> <span class='ocrx_word' id='word_1_44' title='bbox 1100 1187 1232 1264; x_wconf 82' lang='lat' dir='ltr'><strong>Italiae</strong></span> <span class='ocrx_word' id='word_1_45' title='bbox 1254 1187 1333 1262; x_wconf 86' lang='lat' dir='ltr'><strong>Hi-</strong></span> 
     </span>
     <span class='ocr_line' id='line_1_9' title="bbox 237 1305 1333 1409; baseline -0.002 -24"><span class='ocrx_word' id='word_1_46' title='bbox 237 1310 497 1409; x_wconf 77' lang='lat' dir='ltr'><strong>sponiarumve</strong></span> <span class='ocrx_word' id='word_1_47' title='bbox 520 1305 722 1397; x_wconf 85' lang='lat' dir='ltr'><strong>delitescit3</strong></span> <span class='ocrx_word' id='word_1_48' title='bbox 740 1315 807 1380; x_wconf 92' lang='lat' dir='ltr'><strong>aut</strong></span> <span class='ocrx_word' id='word_1_49' title='bbox 830 1306 990 1409; x_wconf 75' lang='lat' dir='ltr'>integer,</span> <span class='ocrx_word' id='word_1_50' title='bbox 1013 1317 1079 1382; x_wconf 89' lang='lat' dir='ltr'><strong>ant</strong></span> <span class='ocrx_word' id='word_1_51' title='bbox 1098 1310 1227 1385; x_wconf 84' lang='lat' dir='ltr'><strong>saltem</strong></span> <span class='ocrx_word' id='word_1_52' title='bbox 1244 1309 1333 1386; x_wconf 89' lang='lat' dir='ltr'><strong>inde</strong></span> 
     </span>
     <span class='ocr_line' id='line_1_10' title="bbox 238 1426 1328 1534; baseline 0 -30"><span class='ocrx_word' id='word_1_53' title='bbox 238 1431 428 1534; x_wconf 79' lang='lat' dir='ltr'><strong>Excerpta</strong></span> <span class='ocrx_word' id='word_1_54' title='bbox 451 1426 631 1503; x_wconf 85' lang='lat' dir='ltr'><strong>asservari</strong></span> <span class='ocrx_word' id='word_1_55' title='bbox 656 1426 841 1502; x_wconf 87' lang='lat' dir='ltr'><strong>videntur.</strong></span> <span class='ocrx_word' id='word_1_56' title='bbox 868 1428 916 1502; x_wconf 82' lang='lat' dir='ltr'><strong>V.</strong></span> <span class='ocrx_word' id='word_1_57' title='bbox 944 1427 1083 1504; x_wconf 90' lang='lat' dir='ltr'><strong>Labbei</strong></span> <span class='ocrx_word' id='word_1_58' title='bbox 1114 1429 1214 1506; x_wconf 90' lang='lat' dir='ltr'><strong>Bibl.</strong></span> <span class='ocrx_word' id='word_1_59' title='bbox 1240 1455 1328 1507; x_wconf 84' lang='lat' dir='ltr'><strong>nov.</strong></span> 
     </span>
     <span class='ocr_line' id='line_1_11' title="bbox 237 1549 1330 1650; baseline 0 -22"><span class='ocrx_word' id='word_1_60' title='bbox 237 1554 368 1629; x_wconf 86' lang='lat' dir='ltr'><strong>Mscrr.</strong></span> <span class='ocrx_word' id='word_1_61' title='bbox 395 1577 433 1650; x_wconf 88' lang='lat' dir='ltr'><strong>p.</strong></span> <span class='ocrx_word' id='word_1_62' title='bbox 460 1558 544 1625; x_wconf 80' lang='lat'>112.</span> <span class='ocrx_word' id='word_1_63' title='bbox 571 1554 655 1626; x_wconf 82' lang='grc'><strong>169.</strong></span> <span class='ocrx_word' id='word_1_64' title='bbox 681 1549 809 1624; x_wconf 82' lang='lat' dir='ltr'><strong>Editio</strong></span> <span class='ocrx_word' id='word_1_65' title='bbox 834 1550 1130 1627; x_wconf 71' lang='lat' dir='ltr'><strong>rl¹rincavclliana</strong></span> <span class='ocrx_word' id='word_1_66' title='bbox 1156 1557 1232 1628; x_wconf 78' lang='grc' dir='ltr'><strong>τῶν</strong></span> <span class='ocrx_word' id='word_1_67' title='bbox 1255 1561 1330 1646; x_wconf 67' lang='lat' dir='ltr'><strong>Zp·</strong></span> 
     </span>
     <span class='ocr_line' id='line_1_12' title="bbox 240 1670 1327 1772; baseline 0 -22"><span class='ocrx_word' id='word_1_68' title='bbox 240 1674 420 1772; x_wconf 69' lang='grc' dir='ltr'><strong><em>νημάτων</em></strong></span> <span class='ocrx_word' id='word_1_69' title='bbox 455 1670 660 1747; x_wconf 76' lang='lat' dir='ltr'><strong>Alexandri</strong></span> <span class='ocrx_word' id='word_1_70' title='bbox 698 1671 999 1770; x_wconf 91' lang='lat' dir='ltr'><strong>Aphrodisiensis</strong></span> <span class='ocrx_word' id='word_1_71' title='bbox 1030 1674 1118 1750; x_wconf 86' lang='lat' dir='ltr'><strong>anni</strong></span> <span class='ocrx_word' id='word_1_72' title='bbox 1158 1679 1255 1750; x_wconf 74' lang='lat'>1536</span> <span class='ocrx_word' id='word_1_73' title='bbox 1284 1676 1327 1750; x_wconf 88' lang='lat' dir='ltr'><strong>in</strong></span> 
     </span>
     <span class='ocr_line' id='line_1_13' title="bbox 168 1792 1328 1896; baseline 0.003 -26"><span class='ocrx_word' id='word_1_74' title='bbox 168 1877 171 1884; x_wconf 23' lang='lat'><strong>¹</strong></span> <span class='ocrx_word' id='word_1_75' title='bbox 234 1798 344 1872; x_wconf 87' lang='lat' dir='ltr'><strong>titulo</strong></span> <span class='ocrx_word' id='word_1_76' title='bbox 370 1794 554 1896; x_wconf 80' lang='lat' dir='ltr'><strong>promittit</strong></span> <span class='ocrx_word' id='word_1_77' title='bbox 578 1792 835 1890; x_wconf 80' lang='grc' dir='ltr'><strong><em>Μετάφρασιν</em></strong></span> <span class='ocrx_word' id='word_1_78' title='bbox 853 1797 896 1868; x_wconf 82' lang='grc' dir='ltr'><strong>ἐκ</strong></span> <span class='ocrx_word' id='word_1_79' title='bbox 915 1803 990 1869; x_wconf 78' lang='grc' dir='ltr'><strong>τῶν</strong></span> <span class='ocrx_word' id='word_1_80' title='bbox 1005 1797 1216 1890; x_wconf 81' lang='grc' dir='ltr'><em>Δαμασίου</em></span> <span class='ocrx_word' id='word_1_81' title='bbox 1236 1797 1328 1896; x_wconf 82' lang='lat' dir='ltr'><strong>(sic3</strong></span> 
     </span>
     <span class='ocr_line' id='line_1_14' title="bbox 235 1913 1373 2016; baseline 0.002 -24"><span class='ocrx_word' id='word_1_82' title='bbox 235 1919 300 1992; x_wconf 88' lang='lat' dir='ltr'><strong>sed</strong></span> <span class='ocrx_word' id='word_1_83' title='bbox 321 1917 435 1993; x_wconf 87' lang='lat' dir='ltr'><strong>latina</strong></span> <span class='ocrx_word' id='word_1_84' title='bbox 459 1915 658 2014; x_wconf 84' lang='lat' dir='ltr'><strong>inscriptio.</strong></span> <span class='ocrx_word' id='word_1_85' title='bbox 677 1913 805 1991; x_wconf 79' lang='lat' dir='ltr'><strong>babet:</strong></span> <span class='ocrx_word' id='word_1_86' title='bbox 837 1916 1085 2016; x_wconf 86' lang='lat' dir='ltr'><strong>Metapbrosis</strong></span> <span class='ocrx_word' id='word_1_87' title='bbox 1109 1941 1159 1992; x_wconf 84' lang='lat' dir='ltr'><strong>ex</strong></span> <span class='ocrx_word' id='word_1_88' title='bbox 1189 1918 1327 1994; x_wconf 86' lang='lat' dir='ltr'><strong>Dama-</strong></span> <span class='ocrx_word' id='word_1_89' title='bbox 1363 1925 1373 1930; x_wconf 81' lang='grc'><strong><em>’</em></strong></span> 
     </span>
     <span class='ocr_line' id='line_1_15' title="bbox 235 2037 1328 2137; baseline 0 -25"><span class='ocrx_word' id='word_1_90' title='bbox 235 2039 311 2114; x_wconf 82' lang='lat' dir='ltr'><strong>scio</strong></span> <span class='ocrx_word' id='word_1_91' title='bbox 336 2039 425 2136; x_wconf 83' lang='lat' dir='ltr'><strong>etc.)</strong></span> <span class='ocrx_word' id='word_1_92' title='bbox 451 2044 504 2124; x_wconf 81' lang='grc' dir='ltr'><strong>εἰς</strong></span> <span class='ocrx_word' id='word_1_93' title='bbox 529 2038 599 2110; x_wconf 81' lang='grc' dir='ltr'><strong>τὸν</strong></span> <span class='ocrx_word' id='word_1_94' title='bbox 632 2039 785 2135; x_wconf 79' lang='grc' dir='ltr'><strong><em>πρῶτον</em></strong></span> <span class='ocrx_word' id='word_1_95' title='bbox 819 2043 905 2137; x_wconf 78' lang='grc' dir='ltr'><strong>περὶ</strong></span> <span class='ocrx_word' id='word_1_96' title='bbox 940 2037 1120 2137; x_wconf 75' lang='grc' dir='ltr'><strong><em>οὐρανοῦ</em></strong></span> <span class='ocrx_word' id='word_1_97' title='bbox 1152 2039 1328 2132; x_wconf 78' lang='grc' dir='ltr'><strong><em>βιβλίον,</em></strong></span> 
     </span>
     <span class='ocr_line' id='line_1_16' title="bbox 237 2161 1329 2261; baseline 0.003 -26"><span class='ocrx_word' id='word_1_98' title='bbox 237 2171 275 2235; x_wconf 87' lang='lat' dir='ltr'><strong>et</strong></span> <span class='ocrx_word' id='word_1_99' title='bbox 301 2162 490 2259; x_wconf 82' lang='grc' dir='ltr'><strong>ἐπιτομὴν</strong></span> <span class='ocrx_word' id='word_1_100' title='bbox 522 2161 709 2258; x_wconf 78' lang='grc' dir='ltr'><strong>σχολικὴν</strong></span> <span class='ocrx_word' id='word_1_101' title='bbox 733 2169 786 2248; x_wconf 78' lang='grc' dir='ltr'><strong>εἰς</strong></span> <span class='ocrx_word' id='word_1_102' title='bbox 818 2161 920 2236; x_wconf 73' lang='lat' dir='ltr'><strong>oded</strong></span> <span class='ocrx_word' id='word_1_103' title='bbox 960 2165 1092 2261; x_wconf 79' lang='grc' dir='ltr'><strong><em>πρῶτα</em></strong></span> <span class='ocrx_word' id='word_1_104' title='bbox 1125 2169 1196 2238; x_wconf 85' lang='grc' dir='ltr'><strong>καὶ</strong></span> <span class='ocrx_word' id='word_1_105' title='bbox 1230 2164 1274 2238; x_wconf 87' lang='grc' dir='ltr'><strong>τὸ</strong></span> <span class='ocrx_word' id='word_1_106' title='bbox 1303 2161 1329 2248; x_wconf 86' lang='grc' dir='ltr'><em>ῆ</em></span> 
     </span>
     <span class='ocr_line' id='line_1_17' title="bbox 235 2285 1336 2392; baseline 0.002 -34"><span class='ocrx_word' id='word_1_107' title='bbox 235 2291 320 2383; x_wconf 79' lang='grc' dir='ltr'><strong>περὶ</strong></span> <span class='ocrx_word' id='word_1_108' title='bbox 347 2285 511 2384; x_wconf 78' lang='grc' dir='ltr'><strong><em>φυσικῆς</em></strong></span> <span class='ocrx_word' id='word_1_109' title='bbox 535 2285 678 2372; x_wconf 78' lang='grc' dir='ltr'><strong>βιβλία</strong></span> <span class='ocrx_word' id='word_1_110' title='bbox 683 2319 698 2380; x_wconf 85' lang='grc'><strong>,·</strong></span> <span class='ocrx_word' id='word_1_111' title='bbox 731 2308 775 2359; x_wconf 88' lang='lat' dir='ltr'><strong>ea</strong></span> <span class='ocrx_word' id='word_1_112' title='bbox 800 2309 888 2359; x_wconf 78' lang='lat' dir='ltr'><strong>vero</strong></span> <span class='ocrx_word' id='word_1_113' title='bbox 915 2285 1019 2386; x_wconf 88' lang='lat' dir='ltr'><strong>typis</strong></span> <span class='ocrx_word' id='word_1_114' title='bbox 1050 2285 1336 2392; x_wconf 84' lang='lat' dir='ltr'><strong>impressonon</strong></span> 
     </span>
    </p>
   </div>
   <div class='ocr_carea' id='block_1_3' title="bbox 233 2406 1324 2630">
    <p class='ocr_par' dir='ltr' id='par_1_4' title="bbox 233 2397 1324 2630">
     <span class='ocr_line' id='line_1_18' title="bbox 234 2406 1324 2516; baseline 0.002 -34"><span class='ocrx_word' id='word_1_115' title='bbox 234 2415 393 2482; x_wconf 88' lang='lat' dir='ltr'><strong>exstant.</strong></span> <span class='ocrx_word' id='word_1_116' title='bbox 451 2406 592 2482; x_wconf 80' lang='lat' dir='ltr'><strong>Verum</strong></span> <span class='ocrx_word' id='word_1_117' title='bbox 631 2415 759 2482; x_wconf 70' lang='lat' dir='ltr'><strong>‘tamen</strong></span> <span class='ocrx_word' id='word_1_118' title='bbox 799 2408 1112 2486; x_wconf 71' lang='lat' dir='ltr'><strong>commentatores</strong></span> <span class='ocrx_word' id='word_1_119' title='bbox 1147 2408 1324 2516; x_wconf 80' lang='lat' dir='ltr'><strong>librorum</strong></span> 
     </span>
     <span class='ocr_line' id='line_1_19' title="bbox 233 2527 1125 2630; baseline 0.007 -28"><span class='ocrx_word' id='word_1_120' title='bbox 233 2527 554 2604; x_wconf 75' lang='lat' dir='ltr'><strong>Aristotelicorum</strong></span> <span class='ocrx_word' id='word_1_121' title='bbox 578 2552 663 2602; x_wconf 91' lang='lat' dir='ltr'><strong>eum</strong></span> <span class='ocrx_word' id='word_1_122' title='bbox 687 2529 824 2626; x_wconf 92' lang='lat' dir='ltr'><strong>passim</strong></span> <span class='ocrx_word' id='word_1_123' title='bbox 847 2529 999 2606; x_wconf 88' lang='lat' dir='ltr'><strong>laudant</strong></span> <span class='ocrx_word' id='word_1_124' title='bbox 1012 2529 1054 2630; x_wconf 81' lang='lat'><strong>⁸).</strong></span> <span class='ocrx_word' id='word_1_125' title='bbox 1123 2593 1125 2608; x_wconf 91' lang='lat'><em>.</em></span> 
     </span>
    </p>
   </div>
   <div class='ocr_carea' id='block_1_4' title="bbox 164 2717 1324 3174">
    <p class='ocr_par' dir='ltr' id='par_1_5' title="bbox 164 2717 1324 3174">
     <span class='ocr_line' id='line_1_20' title="bbox 233 2717 1322 2802; baseline 0.001 -25"><span class='ocrx_word' id='word_1_126' title='bbox 233 2728 262 2778; x_wconf 78' lang='grc' dir='ltr'><strong>δὲ</strong></span> <span class='ocrx_word' id='word_1_127' title='bbox 289 2720 412 2793; x_wconf 60' lang='lat' dir='ltr'><strong>eustorgio</strong></span> <span class='ocrx_word' id='word_1_128' title='bbox 435 2719 537 2802; x_wconf 65' lang='grc' dir='ltr'><strong><em>α’νάχκη</em></strong></span> <span class='ocrx_word' id='word_1_129' title='bbox 563 2717 751 2790; x_wconf 74' lang='grc' dir='ltr'><strong><em>ὑποθεμένους</em></strong></span> <span class='ocrx_word' id='word_1_130' title='bbox 778 2722 810 2775; x_wconf 78' lang='grc' dir='ltr'><strong>τὸ</strong></span> <span class='ocrx_word' id='word_1_131' title='bbox 834 2723 973 2790; x_wconf 74' lang='grc' dir='ltr'><strong><em>μέγιστον,</em></strong></span> <span class='ocrx_word' id='word_1_132' title='bbox 1003 2723 1035 2776; x_wconf 82' lang='lat' dir='ltr'><strong>rei</strong></span> <span class='ocrx_word' id='word_1_133' title='bbox 1063 2725 1147 2778; x_wconf 71' lang='grc' dir='ltr'><strong>λοιποὶ</strong></span> <span class='ocrx_word' id='word_1_134' title='bbox 1172 2744 1322 2794; x_wconf 68' lang='lat' dir='ltr'><strong>aperuera-</strong></span> 
     </span>
     <span class='ocr_line' id='line_1_21' title="bbox 233 2788 1324 2864; baseline 0.001 -19"><span class='ocrx_word' id='word_1_135' title='bbox 233 2793 381 2855; x_wconf 77' lang='grc' dir='ltr'><strong><em>σκευάζειν,</em></strong></span> <span class='ocrx_word' id='word_1_136' title='bbox 406 2794 451 2844; x_wconf 79' lang='grc' dir='ltr'><strong>καὶ</strong></span> <span class='ocrx_word' id='word_1_137' title='bbox 471 2808 556 2851; x_wconf 77' lang='grc' dir='ltr'><strong><em>ουτως</em></strong></span> <span class='ocrx_word' id='word_1_138' title='bbox 575 2788 635 2844; x_wconf 77' lang='grc' dir='ltr'><strong><em>οὔτε</em></strong></span> <span class='ocrx_word' id='word_1_139' title='bbox 658 2791 741 2845; x_wconf 77' lang='grc' dir='ltr'><strong><em>ἐκεῖνο</em></strong></span> <span class='ocrx_word' id='word_1_140' title='bbox 763 2789 911 2854; x_wconf 55' lang='lat' dir='ltr'><strong>adonisedec</strong></span> <span class='ocrx_word' id='word_1_141' title='bbox 927 2793 1010 2863; x_wconf 81' lang='lat' dir='ltr'><strong>(cod.</strong></span> <span class='ocrx_word' id='word_1_142' title='bbox 1028 2793 1061 2846; x_wconf 82' lang='lat' dir='ltr'><strong>B.</strong></span> <span class='ocrx_word' id='word_1_143' title='bbox 1083 2791 1234 2864; x_wconf 74' lang='grc' dir='ltr'><strong><em>αὔθαδες),</em></strong></span> <span class='ocrx_word' id='word_1_144' title='bbox 1262 2789 1324 2848; x_wconf 77' lang='lat' dir='ltr'><strong>orire</strong></span> 
     </span>
     <span class='ocr_line' id='line_1_22' title="bbox 231 2855 1323 2931; baseline 0.005 -19"><span class='ocrx_word' id='word_1_145' title='bbox 231 2861 311 2914; x_wconf 63' lang='lat' dir='ltr'><strong>rouro</strong></span> <span class='ocrx_word' id='word_1_146' title='bbox 330 2857 459 2921; x_wconf 71' lang='grc' dir='ltr'><strong><em>ἀσθενὲς·</em></strong></span> <span class='ocrx_word' id='word_1_147' title='bbox 477 2860 546 2929; x_wconf 72' lang='grc' dir='ltr'><strong>πλήν</strong></span> <span class='ocrx_word' id='word_1_148' title='bbox 563 2857 658 2914; x_wconf 63' lang='lat' dir='ltr'><strong>adrolo</strong></span> <span class='ocrx_word' id='word_1_149' title='bbox 681 2864 726 2913; x_wconf 81' lang='grc' dir='ltr'><strong>καὶ</strong></span> <span class='ocrx_word' id='word_1_150' title='bbox 752 2857 851 2913; x_wconf 67' lang='lat' dir='ltr'><strong>adrosis</strong></span> <span class='ocrx_word' id='word_1_151' title='bbox 870 2855 914 2930; x_wconf 81' lang='grc' dir='ltr'><strong>ὂν,</strong></span> <span class='ocrx_word' id='word_1_152' title='bbox 940 2865 987 2915; x_wconf 78' lang='grc' dir='ltr'><strong>καὶ</strong></span> <span class='ocrx_word' id='word_1_153' title='bbox 1011 2858 1079 2916; x_wconf 75' lang='lat' dir='ltr'><strong>ariro‘</strong></span> <span class='ocrx_word' id='word_1_154' title='bbox 1105 2861 1175 2931; x_wconf 79' lang='grc' dir='ltr'><strong><em>ἐστι,</em></strong></span> <span class='ocrx_word' id='word_1_155' title='bbox 1201 2867 1248 2917; x_wconf 81' lang='grc' dir='ltr'><strong>καὶ</strong></span> <span class='ocrx_word' id='word_1_156' title='bbox 1272 2860 1323 2918; x_wconf 71' lang='grc' dir='ltr'><strong>οὐκ</strong></span> 
     </span>
     <span class='ocr_line' id='line_1_23' title="bbox 164 2929 1323 3021; baseline 0 -15"><span class='ocrx_word' id='word_1_157' title='bbox 164 2997 171 3006; x_wconf 78' lang='grc'>.</span> <span class='ocrx_word' id='word_1_158' title='bbox 232 2949 304 3004; x_wconf 76' lang='grc' dir='ltr'><em>ἄλλο</em></span> <span class='ocrx_word' id='word_1_159' title='bbox 321 2956 371 3018; x_wconf 77' lang='grc' dir='ltr'><strong>μὲν</strong></span> <span class='ocrx_word' id='word_1_160' title='bbox 388 2946 461 3021; x_wconf 69' lang='grc' dir='ltr'><strong>αὐτῷ</strong></span> <span class='ocrx_word' id='word_1_161' title='bbox 476 2952 506 3005; x_wconf 76' lang='lat' dir='ltr'><strong>re&#39;</strong></span> <span class='ocrx_word' id='word_1_162' title='bbox 523 2929 703 3020; x_wconf 56' lang='lat' dir='ltr'><strong>domito</strong></span> <span class='ocrx_word' id='word_1_163' title='bbox 722 2929 935 3020; x_wconf 60' lang='grc' dir='ltr'><strong>δὲτόἮειν,</strong></span> <span class='ocrx_word' id='word_1_164' title='bbox 961 2947 998 3013; x_wconf 77' lang='grc' dir='ltr'><strong>ὦς</strong></span> <span class='ocrx_word' id='word_1_165' title='bbox 1017 2948 1165 3021; x_wconf 70' lang='grc' dir='ltr'><strong>ἅνθρωπός</strong></span> <span class='ocrx_word' id='word_1_166' title='bbox 1181 2951 1236 3007; x_wconf 74' lang='grc' dir='ltr'><strong>ἐστι</strong></span> <span class='ocrx_word' id='word_1_167' title='bbox 1251 2955 1323 3007; x_wconf 78' lang='grc' dir='ltr'><strong><em>κατα</em></strong></span> 
     </span>
     <span class='ocr_line' id='line_1_24' title="bbox 230 3016 1322 3092; baseline 0.002 -20"><span class='ocrx_word' id='word_1_168' title='bbox 230 3022 347 3088; x_wconf 79' lang='grc' dir='ltr'><strong><em>μετοχήν</em></strong></span> <span class='ocrx_word' id='word_1_169' title='bbox 371 3019 417 3088; x_wconf 70' lang='grc' dir='ltr'><strong>τῆς</strong></span> <span class='ocrx_word' id='word_1_170' title='bbox 441 3016 550 3081; x_wconf 73' lang='grc' dir='ltr'><strong><em>οὐσίας·</em></strong></span> <span class='ocrx_word' id='word_1_171' title='bbox 578 3016 651 3076; x_wconf 75' lang='grc' dir='ltr'><strong><em>ἅπαν</em></strong></span> <span class='ocrx_word' id='word_1_172' title='bbox 673 3026 703 3076; x_wconf 78' lang='grc' dir='ltr'><strong>δὲ</strong></span> <span class='ocrx_word' id='word_1_173' title='bbox 721 3023 750 3076; x_wconf 76' lang='lat' dir='ltr'><strong>ro‘</strong></span> <span class='ocrx_word' id='word_1_174' title='bbox 767 3021 834 3077; x_wconf 76' lang='grc' dir='ltr'><strong><em>εἶναι</em></strong></span> <span class='ocrx_word' id='word_1_175' title='bbox 858 3022 887 3080; x_wconf 77' lang='grc' dir='ltr'><strong>ἐν</strong></span> <span class='ocrx_word' id='word_1_176' title='bbox 910 3017 982 3092; x_wconf 68' lang='grc' dir='ltr'><strong>αὐτῷ</strong></span> <span class='ocrx_word' id='word_1_177' title='bbox 1008 3023 1247 3090; x_wconf 70' lang='grc' dir='ltr'><strong>συλλαμβάνεται,</strong></span> <span class='ocrx_word' id='word_1_178' title='bbox 1274 3025 1322 3074; x_wconf 82' lang='grc' dir='ltr'><strong>καὶ</strong></span> 
     </span>
     <span class='ocr_line' id='line_1_25' title="bbox 231 3085 1319 3174; baseline 0 -32"><span class='ocrx_word' id='word_1_179' title='bbox 231 3086 311 3142; x_wconf 74' lang='grc' dir='ltr'><strong><em>οὐσία</em></strong></span> <span class='ocrx_word' id='word_1_180' title='bbox 327 3089 377 3154; x_wconf 83' lang='grc' dir='ltr'><strong>μέν</strong></span> <span class='ocrx_word' id='word_1_181' title='bbox 399 3087 485 3156; x_wconf 77' lang='grc' dir='ltr'><strong>ἐστιν,</strong></span> <span class='ocrx_word' id='word_1_182' title='bbox 511 3085 571 3144; x_wconf 70' lang='grc' dir='ltr'><strong>ἀλλ’</strong></span> <span class='ocrx_word' id='word_1_183' title='bbox 589 3087 622 3144; x_wconf 79' lang='grc' dir='ltr'><strong>ου’</strong></span> <span class='ocrx_word' id='word_1_184' title='bbox 642 3090 712 3145; x_wconf 70' lang='grc' dir='ltr'><strong>κατὰ</strong></span> <span class='ocrx_word' id='word_1_185' title='bbox 728 3095 845 3161; x_wconf 78' lang='grc' dir='ltr'><strong><em>μετοχήν</em></strong></span> <span class='ocrx_word' id='word_1_186' title='bbox 870 3085 984 3174; x_wconf 35' lang='grc' dir='ltr'><strong><em>οὖσιάςι,</em></strong></span> <span class='ocrx_word' id='word_1_187' title='bbox 1004 3086 1076 3172; x_wconf 51' lang='grc' dir='ltr'><strong>ἅμα</strong></span> <span class='ocrx_word' id='word_1_188' title='bbox 1093 3086 1261 3159; x_wconf 70' lang='lat' dir='ltr'><strong>daspetiacae.</strong></span> <span class='ocrx_word' id='word_1_189' title='bbox 1274 3099 1319 3146; x_wconf 62' lang='grc'><strong>’1.</strong></span> 
     </span>
    </p>
   </div>
   <div class='ocr_carea' id='block_1_5' title="bbox 230 3157 1411 3231">
    <p class='ocr_par' dir='ltr' id='par_1_6' title="bbox 230 3157 1411 3231">
     <span class='ocr_line' id='line_1_26' title="bbox 230 3157 1411 3231; baseline 0.004 -22"><span class='ocrx_word' id='word_1_190' title='bbox 230 3159 356 3212; x_wconf 82' lang='lat' dir='ltr'><strong>Fortasse</strong></span> <span class='ocrx_word' id='word_1_191' title='bbox 373 3159 414 3212; x_wconf 78' lang='lat' dir='ltr'><strong>ba</strong></span> <span class='ocrx_word' id='word_1_192' title='bbox 432 3159 461 3214; x_wconf 90' lang='lat' dir='ltr'><strong>in</strong></span> <span class='ocrx_word' id='word_1_193' title='bbox 478 3161 670 3214; x_wconf 76' lang='lat' dir='ltr'><strong>Parmenidem</strong></span> <span class='ocrx_word' id='word_1_194' title='bbox 694 3163 891 3231; x_wconf 82' lang='lat' dir='ltr'><strong>expositiones,</strong></span> <span class='ocrx_word' id='word_1_195' title='bbox 916 3157 973 3215; x_wconf 78' lang='grc' dir='ltr'><strong>α’πο</strong></span> <span class='ocrx_word' id='word_1_196' title='bbox 999 3179 1089 3229; x_wconf 60' lang='lat' dir='ltr'><strong>poma</strong></span> <span class='ocrx_word' id='word_1_197' title='bbox 1111 3161 1249 3217; x_wconf 69' lang='lat' dir='ltr'><strong>Dammcii</strong></span> <span class='ocrx_word' id='word_1_198' title='bbox 1275 3179 1322 3214; x_wconf 81' lang='lat' dir='ltr'><strong>ex·</strong></span> <span class='ocrx_word' id='word_1_199' title='bbox 1410 3187 1411 3192; x_wconf 60' lang='lat'><em>=</em></span> 
     </span>
    </p>
   </div>
   <div class='ocr_carea' id='block_1_6' title="bbox 226 3227 1352 3856">
    <p class='ocr_par' dir='ltr' id='par_1_7' title="bbox 230 3227 978 3300">
     <span class='ocr_line' id='line_1_27' title="bbox 230 3227 978 3300; baseline 0.001 -20"><span class='ocrx_word' id='word_1_200' title='bbox 230 3234 325 3296; x_wconf 79' lang='lat' dir='ltr'><strong>ceptae</strong></span> <span class='ocrx_word' id='word_1_201' title='bbox 343 3235 416 3281; x_wconf 81' lang='lat' dir='ltr'><strong>snrrt.</strong></span> <span class='ocrx_word' id='word_1_202' title='bbox 450 3229 493 3282; x_wconf 79' lang='lat' dir='ltr'><strong>Cf.</strong></span> <span class='ocrx_word' id='word_1_203' title='bbox 511 3231 639 3284; x_wconf 72' lang='lat' dir='ltr'><strong>hembec-</strong></span> <span class='ocrx_word' id='word_1_204' title='bbox 657 3231 762 3285; x_wconf 73' lang='lat' dir='ltr'><strong>comm.</strong></span> <span class='ocrx_word' id='word_1_205' title='bbox 781 3233 803 3284; x_wconf 90' lang='grc' dir='ltr'><strong>Ι.</strong></span> <span class='ocrx_word' id='word_1_206' title='bbox 821 3232 873 3283; x_wconf 86' lang='lat' dir='ltr'><strong>Vll</strong></span> <span class='ocrx_word' id='word_1_207' title='bbox 890 3249 918 3300; x_wconf 86' lang='lat' dir='ltr'><strong>p.</strong></span> <span class='ocrx_word' id='word_1_208' title='bbox 935 3227 978 3282; x_wconf 85' lang='grc'><strong>88.</strong></span> 
     </span>
    </p>

    <p class='ocr_par' dir='ltr' id='par_1_8' title="bbox 226 3297 1352 3856">
     <span class='ocr_line' id='line_1_28' title="bbox 298 3297 1327 3369; baseline 0.002 -19"><span class='ocrx_word' id='word_1_209' title='bbox 298 3297 330 3366; x_wconf 81' lang='grc'><strong>9)</strong></span> <span class='ocrx_word' id='word_1_210' title='bbox 348 3298 509 3367; x_wconf 69' lang='lat' dir='ltr'><strong>Simplicius</strong></span> <span class='ocrx_word' id='word_1_211' title='bbox 526 3301 562 3354; x_wconf 89' lang='lat' dir='ltr'><strong>ad</strong></span> <span class='ocrx_word' id='word_1_212' title='bbox 583 3301 696 3354; x_wconf 85' lang='lat' dir='ltr'><strong>Aristot.</strong></span> <span class='ocrx_word' id='word_1_213' title='bbox 714 3302 736 3355; x_wconf 91' lang='grc' dir='ltr'><strong>Ι.</strong></span> <span class='ocrx_word' id='word_1_214' title='bbox 755 3302 794 3352; x_wconf 85' lang='lat' dir='ltr'><strong>lv</strong></span> <span class='ocrx_word' id='word_1_215' title='bbox 811 3319 870 3369; x_wconf 81' lang='grc' dir='ltr'><strong><em>ανρ.</em></strong></span> <span class='ocrx_word' id='word_1_216' title='bbox 890 3313 954 3369; x_wconf 73' lang='lat' dir='ltr'><strong>pao.</strong></span> <span class='ocrx_word' id='word_1_217' title='bbox 972 3299 1024 3352; x_wconf 82' lang='lat' dir='ltr'><strong>fol.</strong></span> <span class='ocrx_word' id='word_1_218' title='bbox 1043 3297 1095 3352; x_wconf 78' lang='lat'><strong>136</strong></span> <span class='ocrx_word' id='word_1_219' title='bbox 1110 3299 1135 3352; x_wconf 98' lang='lat' dir='ltr'><strong>A</strong></span> <span class='ocrx_word' id='word_1_220' title='bbox 1152 3304 1181 3352; x_wconf 90' lang='lat' dir='ltr'><strong>et</strong></span> <span class='ocrx_word' id='word_1_221' title='bbox 1197 3299 1249 3350; x_wconf 82' lang='lat' dir='ltr'><strong>fol.</strong></span> <span class='ocrx_word' id='word_1_222' title='bbox 1269 3297 1327 3366; x_wconf 45' lang='lat'><strong>150,</strong></span> 
     </span>
     <span class='ocr_line' id='line_1_29' title="bbox 230 3367 1321 3438; baseline 0.004 -21"><span class='ocrx_word' id='word_1_223' title='bbox 230 3367 253 3417; x_wconf 88' lang='grc' dir='ltr'><strong><em>Β</em></strong></span> <span class='ocrx_word' id='word_1_224' title='bbox 271 3383 311 3433; x_wconf 83' lang='lat' dir='ltr'><strong>sq.</strong></span> <span class='ocrx_word' id='word_1_225' title='bbox 330 3367 363 3418; x_wconf 91' lang='lat' dir='ltr'><strong>de</strong></span> <span class='ocrx_word' id='word_1_226' title='bbox 381 3367 484 3430; x_wconf 76' lang='lat' dir='ltr'><strong>Loco,</strong></span> <span class='ocrx_word' id='word_1_227' title='bbox 503 3370 555 3422; x_wconf 79' lang='lat' dir='ltr'><strong>tol.</strong></span> <span class='ocrx_word' id='word_1_228' title='bbox 574 3368 625 3424; x_wconf 74' lang='lat'><strong>184</strong></span> <span class='ocrx_word' id='word_1_229' title='bbox 643 3371 666 3423; x_wconf 95' lang='lat' dir='ltr'><strong>A</strong></span> <span class='ocrx_word' id='word_1_230' title='bbox 683 3388 724 3438; x_wconf 87' lang='lat' dir='ltr'><strong>sq.</strong></span> <span class='ocrx_word' id='word_1_231' title='bbox 743 3372 777 3424; x_wconf 89' lang='lat' dir='ltr'><strong>de</strong></span> <span class='ocrx_word' id='word_1_232' title='bbox 794 3370 979 3438; x_wconf 82' lang='lat' dir='ltr'><strong>Tempore,</strong></span> <span class='ocrx_word' id='word_1_233' title='bbox 1000 3368 1164 3422; x_wconf 88' lang='lat' dir='ltr'><strong>sententiam</strong></span> <span class='ocrx_word' id='word_1_234' title='bbox 1180 3367 1321 3422; x_wconf 84' lang='lat' dir='ltr'><strong>Damascii</strong></span> 
     </span>
     <span class='ocr_line' id='line_1_30' title="bbox 229 3437 1321 3506; baseline 0.002 -18"><span class='ocrx_word' id='word_1_235' title='bbox 229 3437 394 3488; x_wconf 74' lang='lat' dir='ltr'><strong>verbotenus</strong></span> <span class='ocrx_word' id='word_1_236' title='bbox 411 3438 514 3500; x_wconf 82' lang='lat' dir='ltr'><strong>adfert,</strong></span> <span class='ocrx_word' id='word_1_237' title='bbox 532 3444 561 3492; x_wconf 88' lang='lat' dir='ltr'><strong>et</strong></span> <span class='ocrx_word' id='word_1_238' title='bbox 578 3439 683 3494; x_wconf 80' lang='lat' dir='ltr'><strong>ibidem</strong></span> <span class='ocrx_word' id='word_1_239' title='bbox 700 3441 816 3494; x_wconf 82' lang='lat' dir='ltr'><strong>subinde</strong></span> <span class='ocrx_word' id='word_1_240' title='bbox 839 3437 1013 3492; x_wconf 84' lang='lat' dir='ltr'><strong>Damascinm</strong></span> <span class='ocrx_word' id='word_1_241' title='bbox 1035 3437 1215 3506; x_wconf 69' lang='grc' dir='ltr'><strong><em>καθηγεμόνα</em></strong></span> <span class='ocrx_word' id='word_1_242' title='bbox 1238 3454 1321 3490; x_wconf 88' lang='lat' dir='ltr'><strong>snum</strong></span> 
     </span>
     <span class='ocr_line' id='line_1_31' title="bbox 227 3503 1320 3578; baseline 0.003 -22"><span class='ocrx_word' id='word_1_243' title='bbox 227 3505 334 3559; x_wconf 89' lang='lat' dir='ltr'><strong>laudat.</strong></span> <span class='ocrx_word' id='word_1_244' title='bbox 375 3505 546 3576; x_wconf 85' lang='lat' dir='ltr'><strong>Philoponns</strong></span> <span class='ocrx_word' id='word_1_245' title='bbox 569 3511 674 3562; x_wconf 85' lang='lat' dir='ltr'><strong>Comm.</strong></span> <span class='ocrx_word' id='word_1_246' title='bbox 697 3511 733 3578; x_wconf 76' lang='lat' dir='ltr'><strong>ad</strong></span> <span class='ocrx_word' id='word_1_247' title='bbox 751 3510 772 3562; x_wconf 89' lang='lat' dir='ltr'><strong>l.</strong></span> <span class='ocrx_word' id='word_1_248' title='bbox 791 3511 805 3561; x_wconf 95' lang='grc' dir='ltr'>Ι</span> <span class='ocrx_word' id='word_1_249' title='bbox 823 3509 937 3562; x_wconf 88' lang='lat' dir='ltr'><strong>Aristot.</strong></span> <span class='ocrx_word' id='word_1_250' title='bbox 960 3505 994 3558; x_wconf 90' lang='lat' dir='ltr'><strong>de</strong></span> <span class='ocrx_word' id='word_1_251' title='bbox 1018 3507 1148 3560; x_wconf 85' lang='lat' dir='ltr'><strong>Meteoris</strong></span> <span class='ocrx_word' id='word_1_252' title='bbox 1166 3506 1216 3558; x_wconf 84' lang='lat' dir='ltr'><strong>tol.</strong></span> <span class='ocrx_word' id='word_1_253' title='bbox 1234 3503 1276 3566; x_wconf 83' lang='grc'><strong>86,</strong></span> <span class='ocrx_word' id='word_1_254' title='bbox 1294 3509 1320 3559; x_wconf 94' lang='lat' dir='ltr'><strong>A</strong></span> 
     </span>
     <span class='ocr_line' id='line_1_32' title="bbox 228 3574 1352 3633; baseline 0.002 -8"><span class='ocrx_word' id='word_1_255' title='bbox 228 3580 256 3626; x_wconf 88' lang='lat' dir='ltr'><strong>ct</strong></span> <span class='ocrx_word' id='word_1_256' title='bbox 270 3574 489 3630; x_wconf 66' lang='lat' dir='ltr'><strong>ectromate</strong></span> <span class='ocrx_word' id='word_1_257' title='bbox 505 3585 532 3631; x_wconf 85' lang='lat' dir='ltr'><strong>et</strong></span> <span class='ocrx_word' id='word_1_258' title='bbox 546 3578 577 3632; x_wconf 87' lang='lat' dir='ltr'><strong>B.</strong></span> <span class='ocrx_word' id='word_1_259' title='bbox 595 3579 690 3632; x_wconf 78' lang='lat' dir='ltr'><strong>Nostri</strong></span> <span class='ocrx_word' id='word_1_260' title='bbox 702 3579 864 3633; x_wconf 82' lang='lat' dir='ltr'><strong>sententium</strong></span> <span class='ocrx_word' id='word_1_261' title='bbox 875 3578 909 3629; x_wconf 90' lang='lat' dir='ltr'><strong>de</strong></span> <span class='ocrx_word' id='word_1_262' title='bbox 927 3593 1010 3631; x_wconf 89' lang='lat' dir='ltr'><strong>causa</strong></span> <span class='ocrx_word' id='word_1_263' title='bbox 1028 3575 1129 3629; x_wconf 85' lang='lat' dir='ltr'><strong>eoloris</strong></span> <span class='ocrx_word' id='word_1_264' title='bbox 1143 3575 1172 3628; x_wconf 89' lang='lat' dir='ltr'><strong>iu</strong></span> <span class='ocrx_word' id='word_1_265' title='bbox 1187 3577 1251 3628; x_wconf 73' lang='lat' dir='ltr'><strong>abre</strong></span> <span class='ocrx_word' id='word_1_266' title='bbox 1263 3581 1319 3628; x_wconf 87' lang='lat' dir='ltr'><strong>etc.</strong></span> <span class='ocrx_word' id='word_1_267' title='bbox 1346 3577 1352 3589; x_wconf 94' lang='lat'>&#39;</span> 
     </span>
     <span class='ocr_line' id='line_1_33' title="bbox 227 3643 1319 3717; baseline 0 -22"><span class='ocrx_word' id='word_1_268' title='bbox 227 3649 255 3695; x_wconf 88' lang='lat' dir='ltr'><strong>et</strong></span> <span class='ocrx_word' id='word_1_269' title='bbox 272 3644 305 3695; x_wconf 90' lang='lat' dir='ltr'><strong>de</strong></span> <span class='ocrx_word' id='word_1_270' title='bbox 321 3644 370 3698; x_wconf 83' lang='lat' dir='ltr'><strong>vis</strong></span> <span class='ocrx_word' id='word_1_271' title='bbox 387 3645 476 3700; x_wconf 84' lang='lat' dir='ltr'><strong>lactea</strong></span> <span class='ocrx_word' id='word_1_272' title='bbox 495 3650 620 3717; x_wconf 84' lang='lat' dir='ltr'><strong>exponit,</strong></span> <span class='ocrx_word' id='word_1_273' title='bbox 637 3649 710 3702; x_wconf 89' lang='lat' dir='ltr'><strong>unde</strong></span> <span class='ocrx_word' id='word_1_274' title='bbox 727 3654 815 3716; x_wconf 82' lang='lat' dir='ltr'><strong>patet,</strong></span> <span class='ocrx_word' id='word_1_275' title='bbox 832 3646 1008 3700; x_wconf 83' lang='lat' dir='ltr'><strong>Damasoinm</strong></span> <span class='ocrx_word' id='word_1_276' title='bbox 1024 3643 1054 3698; x_wconf 90' lang='lat' dir='ltr'><strong>in</strong></span> <span class='ocrx_word' id='word_1_277' title='bbox 1072 3646 1116 3698; x_wconf 88' lang='lat' dir='ltr'><strong>Ph</strong></span> <span class='ocrx_word' id='word_1_278' title='bbox 1138 3643 1202 3696; x_wconf 84' lang='lat' dir='ltr'><strong>sicis</strong></span> <span class='ocrx_word' id='word_1_279' title='bbox 1221 3645 1319 3696; x_wconf 90' lang='lat' dir='ltr'><strong>admo-</strong></span> 
     </span>
     <span class='ocr_line' id='line_1_34' title="bbox 226 3712 1321 3781; baseline 0.001 -16"><span class='ocrx_word' id='word_1_280' title='bbox 226 3713 292 3766; x_wconf 88' lang='lat' dir='ltr'><strong>dum</strong></span> <span class='ocrx_word' id='word_1_281' title='bbox 316 3715 440 3768; x_wconf 87' lang='lat' dir='ltr'><strong>hebetem</strong></span> <span class='ocrx_word' id='word_1_282' title='bbox 462 3722 489 3771; x_wconf 90' lang='lat' dir='ltr'><strong>et</strong></span> <span class='ocrx_word' id='word_1_283' title='bbox 506 3718 667 3772; x_wconf 86' lang='lat' dir='ltr'><strong>commentis</strong></span> <span class='ocrx_word' id='word_1_284' title='bbox 692 3718 815 3770; x_wconf 86' lang='lat' dir='ltr'><strong>deditum</strong></span> <span class='ocrx_word' id='word_1_285' title='bbox 840 3717 934 3770; x_wconf 80' lang='lat' dir='ltr'><strong>luisse.</strong></span> <span class='ocrx_word' id='word_1_286' title='bbox 969 3714 1009 3766; x_wconf 81' lang='lat' dir='ltr'><strong>Ex</strong></span> <span class='ocrx_word' id='word_1_287' title='bbox 1026 3715 1086 3781; x_wconf 87' lang='lat' dir='ltr'><strong>ejus</strong></span> <span class='ocrx_word' id='word_1_288' title='bbox 1130 3712 1321 3767; x_wconf 83' lang='lat' dir='ltr'><strong>ommenturiis</strong></span> 
     </span>
     <span class='ocr_line' id='line_1_35' title="bbox 226 3781 1320 3856; baseline 0 -22"><span class='ocrx_word' id='word_1_289' title='bbox 226 3783 255 3834; x_wconf 86' lang='lat' dir='ltr'><strong>iu</strong></span> <span class='ocrx_word' id='word_1_290' title='bbox 272 3782 429 3838; x_wconf 84' lang='lat' dir='ltr'><strong>Aristotelis</strong></span> <span class='ocrx_word' id='word_1_291' title='bbox 447 3787 481 3839; x_wconf 92' lang='lat' dir='ltr'><strong>ll.</strong></span> <span class='ocrx_word' id='word_1_292' title='bbox 498 3805 527 3841; x_wconf 77' lang='grc' dir='ltr'><strong>ν.</strong></span> <span class='ocrx_word' id='word_1_293' title='bbox 552 3784 670 3856; x_wconf 70' lang='grc' dir='ltr'><strong><em>οὐρανοῦ</em></strong></span> <span class='ocrx_word' id='word_1_294' title='bbox 692 3788 808 3840; x_wconf 79' lang='lat' dir='ltr'><strong>tortasse</strong></span> <span class='ocrx_word' id='word_1_295' title='bbox 834 3786 1035 3855; x_wconf 73' lang='lat' dir='ltr'><strong>fragmentum,</strong></span> <span class='ocrx_word' id='word_1_296' title='bbox 1059 3786 1136 3850; x_wconf 77' lang='grc' dir='ltr'><strong>περὶ</strong></span> <span class='ocrx_word' id='word_1_297' title='bbox 1160 3781 1225 3834; x_wconf 74' lang='grc' dir='ltr'><strong>τοῦ</strong></span> <span class='ocrx_word' id='word_1_298' title='bbox 1249 3799 1320 3848; x_wconf 80' lang='grc' dir='ltr'><strong><em>γεν-</em></strong></span> 
     </span>
    </p>
   </div>
   <div class='ocr_carea' id='block_1_7' title="bbox 51 3850 1321 3993">
    <p class='ocr_par' dir='ltr' id='par_1_9' title="bbox 51 3850 1321 3993">
     <span class='ocr_line' id='line_1_36' title="bbox 51 3850 1321 3936; baseline -0.003 -30"><span class='ocrx_word' id='word_1_299' title='bbox 51 3893 55 3906; x_wconf 54' lang='grc'><em>«</em></span> <span class='ocrx_word' id='word_1_300' title='bbox 138 3887 171 3934; x_wconf 78' lang='lat'><strong>¹,</strong></span> <span class='ocrx_word' id='word_1_301' title='bbox 226 3850 346 3920; x_wconf 78' lang='grc' dir='ltr'><strong><em>νητοῦ,</em></strong></span> <span class='ocrx_word' id='word_1_302' title='bbox 369 3861 491 3910; x_wconf 85' lang='lat' dir='ltr'><strong>sumtum</strong></span> <span class='ocrx_word' id='word_1_303' title='bbox 509 3861 563 3921; x_wconf 86' lang='lat' dir='ltr'><strong>ost,</strong></span> <span class='ocrx_word' id='word_1_304' title='bbox 581 3857 723 3924; x_wconf 82' lang='lat' dir='ltr'><strong>quodsnb</strong></span> <span class='ocrx_word' id='word_1_305' title='bbox 739 3854 877 3910; x_wconf 81' lang='lat' dir='ltr'><strong>Damasoii</strong></span> <span class='ocrx_word' id='word_1_306' title='bbox 892 3853 1002 3908; x_wconf 86' lang='lat' dir='ltr'><strong>nomine</strong></span> <span class='ocrx_word' id='word_1_307' title='bbox 1021 3853 1121 3906; x_wconf 83' lang='lat' dir='ltr'><strong>lriarto</strong></span> <span class='ocrx_word' id='word_1_308' title='bbox 1135 3851 1321 3936; x_wconf 55' lang='lat' dir='ltr'><strong>inflatalogo</strong></span> 
     </span>
     <span class='ocr_line' id='line_1_37' title="bbox 225 3921 1320 3993; baseline -0.002 -19"><span class='ocrx_word' id='word_1_309' title='bbox 225 3922 310 3975; x_wconf 85' lang='lat' dir='ltr'><strong>Codd.</strong></span> <span class='ocrx_word' id='word_1_310' title='bbox 335 3923 399 3976; x_wconf 82' lang='lat' dir='ltr'><strong>Grr.</strong></span> <span class='ocrx_word' id='word_1_311' title='bbox 417 3926 492 3978; x_wconf 88' lang='lat' dir='ltr'><strong>Bibl.</strong></span> <span class='ocrx_word' id='word_1_312' title='bbox 512 3927 619 3980; x_wconf 83' lang='lat' dir='ltr'><strong>Matrit.</strong></span> <span class='ocrx_word' id='word_1_313' title='bbox 638 3943 666 3993; x_wconf 85' lang='lat' dir='ltr'><strong>p.</strong></span> <span class='ocrx_word' id='word_1_314' title='bbox 684 3925 737 3978; x_wconf 75' lang='grc'><strong>380</strong></span> <span class='ocrx_word' id='word_1_315' title='bbox 753 3942 813 3992; x_wconf 82' lang='lat' dir='ltr'><strong>sqq.</strong></span> <span class='ocrx_word' id='word_1_316' title='bbox 831 3943 847 3977; x_wconf 90' lang='lat' dir='ltr'><strong>e</strong></span> <span class='ocrx_word' id='word_1_317' title='bbox 863 3924 932 3977; x_wconf 72' lang='lat' dir='ltr'><strong>(lod.</strong></span> <span class='ocrx_word' id='word_1_318' title='bbox 956 3921 1094 3974; x_wconf 75' lang='lat' dir='ltr'>LXXXIV</span> <span class='ocrx_word' id='word_1_319' title='bbox 1115 3926 1191 3990; x_wconf 72' lang='lat' dir='ltr'><strong>typis</strong></span> <span class='ocrx_word' id='word_1_320' title='bbox 1216 3921 1320 3989; x_wconf 75' lang='lat' dir='ltr'><strong>vulge-</strong></span> 
     </span>
    </p>
   </div>
   <div class='ocr_carea' id='block_1_8' title="bbox 225 3989 1319 4204">
    <p class='ocr_par' dir='ltr' id='par_1_10' title="bbox 225 3989 1319 4204">
     <span class='ocr_line' id='line_1_38' title="bbox 225 3989 1319 4061; baseline -0.003 -17"><span class='ocrx_word' id='word_1_321' title='bbox 225 3992 278 4044; x_wconf 83' lang='lat' dir='ltr'><strong>vit.</strong></span> <span class='ocrx_word' id='word_1_322' title='bbox 302 3993 518 4048; x_wconf 81' lang='lat' dir='ltr'><strong>Commentarios</strong></span> <span class='ocrx_word' id='word_1_323' title='bbox 534 3997 592 4061; x_wconf 87' lang='lat' dir='ltr'><strong>ejas</strong></span> <span class='ocrx_word' id='word_1_324' title='bbox 607 3995 635 4048; x_wconf 88' lang='lat' dir='ltr'><strong>in</strong></span> <span class='ocrx_word' id='word_1_325' title='bbox 651 3994 842 4048; x_wconf 81' lang='lat' dir='ltr'><strong>Aristotelioos</strong></span> <span class='ocrx_word' id='word_1_326' title='bbox 856 3995 945 4047; x_wconf 83' lang='lat' dir='ltr'><strong>libror</strong></span> <span class='ocrx_word' id='word_1_327' title='bbox 963 3992 1086 4046; x_wconf 81' lang='lat' dir='ltr'><strong>indicare</strong></span> <span class='ocrx_word' id='word_1_328' title='bbox 1103 3991 1214 4044; x_wconf 84' lang='lat' dir='ltr'><strong>videtur</strong></span> <span class='ocrx_word' id='word_1_329' title='bbox 1230 3989 1319 4042; x_wconf 86' lang='lat' dir='ltr'><strong>etiem</strong></span> 
     </span>
     <span class='ocr_line' id='line_1_39' title="bbox 225 4057 1317 4132; baseline 0 -20"><span class='ocrx_word' id='word_1_330' title='bbox 225 4061 387 4116; x_wconf 81' lang='lat' dir='ltr'><strong>Theodorus</strong></span> <span class='ocrx_word' id='word_1_331' title='bbox 409 4065 563 4120; x_wconf 84' lang='lat' dir='ltr'><strong>Metochita</strong></span> <span class='ocrx_word' id='word_1_332' title='bbox 589 4064 711 4117; x_wconf 81' lang='lat' dir='ltr'><strong>miscell.</strong></span> <span class='ocrx_word' id='word_1_333' title='bbox 736 4063 846 4132; x_wconf 45' lang='lat' dir='ltr'><strong>philost</strong></span> <span class='ocrx_word' id='word_1_334' title='bbox 861 4071 890 4116; x_wconf 91' lang='lat' dir='ltr'><strong>et</strong></span> <span class='ocrx_word' id='word_1_335' title='bbox 906 4063 973 4116; x_wconf 86' lang='lat' dir='ltr'><strong>hist.</strong></span> <span class='ocrx_word' id='word_1_336' title='bbox 994 4079 1019 4114; x_wconf 91' lang='lat' dir='ltr'><strong>e.</strong></span> <span class='ocrx_word' id='word_1_337' title='bbox 1038 4059 1072 4114; x_wconf 76' lang='lat'><strong>12</strong></span> <span class='ocrx_word' id='word_1_338' title='bbox 1089 4079 1118 4129; x_wconf 73' lang='lat' dir='ltr'><strong>p·</strong></span> <span class='ocrx_word' id='word_1_339' title='bbox 1135 4057 1178 4120; x_wconf 86' lang='grc'><strong>96,</strong></span> <span class='ocrx_word' id='word_1_340' title='bbox 1196 4059 1225 4112; x_wconf 89' lang='grc' dir='ltr'><strong>ἰιι</strong></span> <span class='ocrx_word' id='word_1_341' title='bbox 1249 4057 1317 4112; x_wconf 86' lang='grc' dir='ltr'>ΡΙιι-</span> 
     </span>
     <span class='ocr_line' id='line_1_40' title="bbox 225 4127 1218 4204; baseline -0.003 -20"><span class='ocrx_word' id='word_1_342' title='bbox 225 4132 329 4186; x_wconf 85' lang='lat' dir='ltr'><strong>tonicos</strong></span> <span class='ocrx_word' id='word_1_343' title='bbox 346 4133 492 4197; x_wconf 64' lang='lat' dir='ltr'><strong>Dialogus,</strong></span> <span class='ocrx_word' id='word_1_344' title='bbox 511 4134 727 4204; x_wconf 72' lang='lat' dir='ltr'><strong>Olympiades-ns</strong></span> <span class='ocrx_word' id='word_1_345' title='bbox 744 4133 873 4188; x_wconf 78' lang='lat' dir='ltr'><strong>Crenzeri</strong></span> <span class='ocrx_word' id='word_1_346' title='bbox 891 4151 919 4201; x_wconf 61' lang='lat' dir='ltr'><strong>p2</strong></span> <span class='ocrx_word' id='word_1_347' title='bbox 938 4131 966 4183; x_wconf 80' lang='grc'><strong>1.</strong></span> <span class='ocrx_word' id='word_1_348' title='bbox 984 4131 1011 4184; x_wconf 79' lang='lat'><strong>5.</strong></span> <span class='ocrx_word' id='word_1_349' title='bbox 1030 4129 1057 4184; x_wconf 78' lang='grc'><strong>9.</strong></span> <span class='ocrx_word' id='word_1_350' title='bbox 1075 4129 1119 4196; x_wconf 72' lang='grc'><strong>91,</strong></span> <span class='ocrx_word' id='word_1_351' title='bbox 1138 4127 1218 4184; x_wconf 86' lang='lat' dir='ltr'><strong>olibi.</strong></span> 
     </span>
    </p>
   </div>
   <div class='ocr_carea' id='block_1_9' title="bbox 0 0 1416 4838">
    <p class='ocr_par' dir='ltr' id='par_1_11' title="bbox 0 0 1416 4838">
     <span class='ocr_line' id='line_1_41' title="bbox 0 0 1416 4838; baseline 0 5"><span class='ocrx_word' id='word_1_352' title='bbox 0 0 1416 4838; x_wconf 95' lang='lat' dir='ltr'><strong> </strong></span> 
     </span>
    </p>
   </div>
  </div>
 </body>
</html>
