2824 4838
219 303 266 366 Μ

124 459 191 531 ⁶⁸¹³·
231 511 235 522 ·
296 471 373 566 τΑρα
388 483 416 554 1)
439 481 496 546 οὐκ
517 479 555 548 ἄν
576 509 620 558 τις
639 485 691 548 καὶ
715 485 811 550 τοῦτο
832 480 1037 568 ἐπιζητήσειεν
1064 481 1188 562 τούτοις
1215 484 1317 570 λόγοις

183 580 187 592 ’
223 585 492 674 παραβαλλόμενος
496 619 509 669 ,·
530 586 633 674 elysio
654 585 716 655 bnt
736 573 796 656 νῶν
818 588 892 682 τῇδε
912 593 982 676 περὶ
1002 596 1115 658 ἐκείνου
1136 595 1168 658 τὶ
1184 592 1317 678 λέγομεν,

159 546 178 594 8

225 765 284 806 ται,
306 741 347 794 ὅτι
365 739 512 810 άγνωστον.
535 741 600 793 ἄλλα
617 745 671 802 πῶς
687 743 775 812 ἡμεῖς,
799 742 817 794 ἅ
835 742 992 813 γινώσκομεν
1010 743 1135 807 inueniet,
1154 745 1182 798 ἑ.
1200 765 1225 797 α.
1252 743 1268 796 ἆ
1287 743 1318 796 ἄν

225 817 303 882 οὖμεν
323 816 389 880 (pro
409 811 562 880 ἀγνοοῦμεν)
581 829 607 863 π.
628 831 651 863 ο.
669 832 693 880 γ.
707 811 741 872 ὡς
764 815 788 864 ti
800 833 839 872 τις
858 811 902 881 (ὡς
922 815 949 864 h.
967 814 987 868 l.
1007 819 1074 876 om.)
1101 817 1128 864 έιι
1148 833 1201 882 γεν.
1222 814 1320 884 τυφλὸς

226 888 295 948 (om.
316 881 363 942 ὢν)
374 918 533 932 ...........
551 880 584 931 τὸ
602 879 630 932 δὲ
645 884 740 951 χρῶμα
759 880 824 942 ὅλως
842 889 905 952 (pro
924 881 1022 950 πάντη)
1048 881 1094 934 obn
1119 884 1173 934 οἶδε
1185 920 1318 937 .........

226 949 423 1020 ὁμολογοῦμεν·
448 951 491 1001 καὶ
508 949 557 1020 γάρ
585 947 645 1001 οὐδὲ
663 955 689 1001 ἓν
706 954 743 1002 τῶ
759 950 1045 1022 χρώματι...........
1064 955 1090 1002 ἐν
1107 953 1143 1019 τῷ
1162 951 1320 1021 γινώσκοντι,

225 1020 281 1072 ἀλλ’
302 1019 348 1072 οὐκ
366 1022 392 1070 έν
408 1021 445 1086 τῷ
464 1023 650 1105 γινωσκομένω.
678 1019 739 1072 Ἐπὶ
756 1026 804 1091 μὲν
822 1023 874 1073 τῶν
893 1005 1007 1088 iliberri
1026 1021 1105 1073 τοῦδε
1123 1026 1240 1092 στέρησις
1256 1043 1280 1074 α.
1293 1042 1319 1076 τ.

225 1111 248 1141 ιι.
269 1111 290 1142 κ.
309 1109 334 1158 γ.
352 1108 376 1139 τ.
396 1108 420 1140 α.
439 1091 462 1139 εἰ
481 1109 503 1139 κ.
523 1109 548 1140 α.
567 1087 633 1140 αλλὰ
650 1089 744 1156 νοητὸν
769 1094 851 1142 ἐστιν·
877 1091 918 1142 ἐπὶ
943 1089 1039 1142 τούτου
1064 1090 1092 1141 δὲ
1115 1087 1200 1144 πᾶσαν
1224 1095 1322 1143 ἔννοιαν

226 1162 270 1210 καὶ
289 1157 332 1210 ὑπ.
350 1161 393 1212 καὶ
410 1159 503 1226 γνῶσιν
521 1157 677 1229 ἇναιροῦμεν
694 1179 716 1210 κ.
728 1179 752 1210 τ.
766 1179 786 1210 ε.
800 1181 827 1230 φ.
840 1179 864 1212 τ.
878 1177 904 1212 π.
924 1157 998 1229 ἡμῶν
1016 1157 1136 1228 ἄγνοιαν,
1153 1159 1169 1231 ᾗ
1187 1163 1237 1213 πᾶν
1250 1159 1323 1230 ὄμμα

227 1228 336 1297 μύομεν.
347 1226 384 1279 Ὃ
403 1228 431 1278 δὲ
449 1229 564 1296 λέγομεν,
584 1227 631 1293 οὐχ
649 1225 690 1280 ὅτι
708 1227 797 1291 αὐτοῦ,
816 1231 923 1298 λέγομεν
939 1249 974 1292 τι,
993 1227 1059 1280 ἀλλὰ
1074 1229 1107 1280 τὸ
1117 1231 1247 1300 μηδεμίαν
1261 1233 1323 1282 lcu-

228 1299 277 1349 τοῦ
294 1315 382 1368 παρεχ.
403 1295 550 1362 ἀντιλαβὴν·
569 1296 629 1350 οὐδὲ
647 1300 697 1368 γάρ
716 1297 798 1368 μόνον
816 1295 871 1366 άγν.
890 1319 915 1350 α.
937 1319 964 1368 φ.
985 1298 1027 1350 ἵνα
1045 1319 1070 1350 α.
1089 1319 1106 1350 τ
1107 1337 1322 1353 ..............

230 1366 306 1436 φάσις
323 1366 404 1418 αὐτοῦ
421 1365 453 1418 τὸ
473 1365 548 1418 οὐδὲν
566 1369 608 1418 καὶ
624 1387 656 1418 το
675 1371 712 1420 ἐπ.
731 1365 834 1418 πάντων
854 1368 897 1420 καὶ
909 1367 1007 1419 ἁπλοῦν
1025 1370 1067 1420 καὶ
1084 1367 1126 1420 ὑπ.
1145 1387 1168 1420 ιι.
1182 1389 1206 1420 τ.
1223 1385 1265 1421 oo.
1278 1387 1323 1439 πρ.

230 1436 329 1500 πάντα,
350 1435 415 1487 ἀλλὰ
433 1435 515 1503 μόνον
533 1434 674 1506 ἀναιρέσεις
689 1457 713 1488 τ.
724 1437 781 1507 μετ’
796 1435 869 1489 αὐτὸ.
898 1441 933 1488 Τί
949 1435 995 1488 οὖν
1012 1436 1155 1507 δοξάζομεν
1172 1439 1230 1508 περὶ
1242 1436 1322 1490 αὐτοῦ

230 1509 321 1569 ταῦτα,
343 1504 359 1556 ἃ
371 1507 478 1574 λέγομεν
489 1511 564 1576 (cap.
573 1524 596 1572 7.
611 1506 706 1572 Dum.)
726 1509 749 1557 εἰ
760 1506 788 1557 δὲ
801 1527 820 1558 ε.
835 1506 859 1558 ὃ.
871 1527 895 1558 α.
908 1526 930 1557 κ.
949 1505 972 1556 δ.
989 1527 1009 1558 ε.
1021 1505 1037 1573 ἢ
1051 1503 1092 1557 ὅτι
1106 1504 1152 1558 οὖν
1166 1511 1228 1570 ἐστι,
1240 1509 1324 1560 ταῦτα

231 1574 384 1643 δοξάζομεν,
404 1594 425 1624 ν.
440 1573 480 1626 bt.
497 1595 525 1644 γε
535 1575 588 1642 αὴ
607 1574 680 1638 δόξα.
699 1575 731 1628 τὸ
749 1576 799 1646 γὰρ
816 1575 853 1644 μὴ
872 1578 937 1627 εἶναι
956 1576 1084 1644 γνωστὸν,
1110 1577 1190 1628 τοῦτο
1215 1575 1323 1642 ἀληθὲς,

230 1645 265 1703 ὡς
283 1644 315 1697 τὸ
333 1643 373 1696 ἄλ.
390 1659 421 1712 ψ.
441 1642 481 1695 ἄλ.
501 1664 524 1712 γ.
545 1665 567 1696 ο.
586 1645 690 1714 ψεῦδος.
719 1644 782 1716 Ἆρα
806 1642 851 1697 οὖν
873 1643 907 1705 ὥς
932 1643 995 1715 ἡμῖν
1013 1642 1145 1714 ἄγνωστον
1163 1643 1227 1697 αὐτὸ
1244 1649 1325 1698 τέθε-

228 1732 292 1782 γιεν;
313 1717 351 1780 εἴη
371 1711 402 1764 ἄν
420 1715 463 1774 καὶ
479 1713 515 1764 τῶ
534 1718 655 1782 πσλυτιμ.
676 1715 710 1783 νῷ
731 1712 874 1783 ἄγνωστον·
895 1713 949 1766 ἀλλ’
969 1717 995 1766 εἰ
1009 1712 1170 1782 γινώσκοιτσ,
1190 1716 1278 1766 καὶέν.
1294 1735 1323 1784 μ.

229 1805 253 1834 τ.
274 1783 299 1836 ά.
469 1785 512 1836 καὶ
531 1783 709 1844 συντιτάξεται
728 1783 889 1836 ambasiaci
907 1804 935 1855 γε
952 1791 1009 1842 τοῖς
1027 1781 1123 1848 ἄλλοις,
1143 1782 1205 1853 ὅπερ
1226 1782 1325 1837 ἀδύνα-

230 1863 290 1924 τον·
310 1851 366 1904 btl’
385 1855 409 1903 εὶ
426 1851 465 1903 δεῖ
482 1857 635 1922 φθέγγεθαι
652 1875 676 1904 ν.
690 1875 715 1906 α.
843 1852 965 1923 ἰξὴρηται
982 1851 1032 1937 γάρ
1049 1872 1120 1913 τινος
1137 1839 1171 1905 τά
1185 1874 1214 1905 τε
1232 1855 1326 1924 ἐξῃρη-

230 1926 325 1991 μένον·
345 1925 428 1987 σχέσις
441 1927 491 1991 γὰρ
508 1926 602 1973 τοῦτο·
629 1922 660 1974 τὸ
679 1923 707 1974 δὲ
725 1924 768 1992 rol
786 1908 893 1990 άσχετάν
911 1927 979 1985 ἐστι,
1004 1939 1069 1974 note
1088 1924 1226 1974 καὶτοῦτο
1245 1921 1326 1978 αὐτοῦ

232 1991 366 2061 ἀποφῆσαι
384 1989 496 2062 ἀνάγκη·
515 1989 531 2042 ά
550 2011 572 2042 ν.
590 1991 616 2058 ἦ.
635 2011 660 2044 οι.
674 1995 697 2044 l.
709 2012 734 2044 τ.
752 2012 774 2044 κ.
788 2013 813 2044 τ.
833 1992 858 2044 ά.
876 2011 918 2062 πρ.
937 1990 968 2044 τὸ
981 1991 1009 2042 δὲ
1034 1990 1108 2043 οὐδὲν
1126 1995 1193 2044 ἔστι·
1218 1989 1278 2044 otiis
1300 2011 1325 2045 α.

232 2060 275 2114 ἇπ.
296 2059 356 2112 οὐδὲ
377 2057 442 2118 ὅλως
459 2059 563 2124 λεπτόν,
582 2059 641 2112 οὐδὲ
660 2082 763 2130 γν.....
781 2082 805 2114 ν.
824 2061 868 2114 άπ.
887 2059 1012 2112 δυνατὸν.
1024 2061 1080 2114 'noi
1102 2064 1131 2112 τί
1151 2065 1229 2131 πέρας
1254 2065 1326 2113 ἔσται

231 2128 376 2198 τοῦλόγου
394 2128 458 2196 πλὴν
478 2147 501 2182 ο.
522 2151 567 2200 αμ.
590 2150 612 2182 κ.
631 2129 674 2216 ip.
695 2152 719 2182 τ.
735 2152 765 2199 μ.
784 2151 808 2200 γ.
828 2131 862 2182 ὧν
878 2131 946 2200 μηδὲ
964 2134 1045 2199 θέμις
1062 2133 1098 2190 εἰς
1116 2132 1210 2199 γνῶσιν
1228 2132 1325 2184 ἐλθεῖν.
1353 2145 1357 2154 “

156 2243 157 2250 ,
228 2197 300 2270 'Apu
315 2203 404 2251 τοίνυν
425 2199 541 2270 (pergin)
562 2197 622 2250 οὐδὲ
641 2221 697 2267 νγνει
710 2221 737 2256 τι
755 2199 797 2252 ἀπ’
818 2199 899 2252 αὐτοῦ
919 2203 956 2258 εἰς
976 2199 1055 2262 enon·
1072 2197 1132 2252 Ἐπὶ
1150 2199 1185 2265 (Ι.
1207 2203 1256 2264 ἔτι)
1275 2200 1326 2270 γὰρ

230 2271 312 2320 τοῦτο
330 2271 469 2334 λητητέον·
489 2271 602 2328 καὶπῶς
620 2268 666 2320 οὐκ
686 2268 717 2322 άν
734 2267 810 2334 ἥκοις
823 2265 902 2339 ἐἴπερ
927 2267 970 2320 ἀπ’
994 2267 1073 2321 αὐτοῦ
1091 2268 1125 2320 τά
1143 2267 1227 2320 πάντα
1245 2271 1326 2320 ἔστιν·

233 2337 279 2406 ἀφ’
299 2337 330 2390 οὗ
347 2337 397 2408 γὰρ
416 2338 524 2390 ἕκαστον
539 2337 652 2408 πρόεισι,
671 2342 714 2390 καὶ
730 2343 831 2408 μετέχει
848 2337 943 2402 αὐτοῦ,
966 2340 988 2389 εὶ
1007 2338 1090 2407 μηδὲν
1109 2335 1172 2389 ἄλλο
1178 2377 1186 2401 ,
1203 2339 1292 2401 τοῦτο,
1312 2337 1328 2390 ὅ

233 2412 316 2470 ἐστιν,
336 2411 392 2472 ἴχον
412 2411 513 2460 ἐκεῖθεν
535 2410 578 2460 καὶ
595 2407 719 2464 ἀναπνέσν
740 2407 787 2474 τήν
814 2411 909 2462 οἰκείαν
934 2406 1014 2492 ἀρχὴν
1037 2409 1086 2460 καὶ
1103 2411 1139 2466 εἰς
1158 2410 1254 2474 ἐκείνην
1270 2411 1328 2460 ἔπι-

234 2473 410 2546 στρεφὸμενον
427 2478 490 2528 κατὰ
508 2476 556 2544 τὴν
573 2479 665 2530 ἑαυτοῦ
684 2477 808 2548 δύναμιν·
824 2481 853 2529 τέ
870 2476 920 2546 γὰρ
939 2477 971 2542 δη
983 2475 1144 2529 aelaniticus
1157 2479 1236 2528 ἐκεῖνο
1249 2475 1328 2528 διδά-

232 2567 275 2598 ναι
299 2566 325 2597 τι
348 2547 441 2598 ἑαυτοῦ
457 2554 513 2608 τοῖς
536 2545 579 2600 ἀπ’
606 2546 703 2600 αὐτοῦ·
728 2549 781 2606 πῶς
798 2546 821 2597 ‹l‘
844 2543 875 2598 ἄν
896 2547 939 2597 καὶ
960 2545 1034 2616 ἡμεῖς
1057 2547 1139 2598 ταῦτα
1163 2547 1222 2615 περὶ
1245 2544 1328 2598 αὐτοῦ

232 2615 389 2683 ὓπονοσῖμεν
414 2613 481 2675 ὅπως
500 2615 613 2682 δήποτε,
645 2620 667 2670 εἰ
689 2615 725 2686 μὴ
747 2636 774 2667 τι
790 2612 822 2680 ἦν
846 2619 872 2668 έν
898 2615 962 2683 ἡμῖν
985 2617 1056 2681 ἴχνος
1080 2613 1197 2686 άμυὸρον
1219 2618 1326 2669 ἐκείνου.

233 2684 284 2750 Μὴ
304 2701 366 2734 ποτε
385 2680 430 2747 οὖν
447 2683 596 2755 άπόρῥητον
623 2685 652 2739 ὂν
676 2682 825 2755 άποῤῥάτοο
842 2684 1002 2755 μεταδίδωσι
1027 2687 1073 2751 τῆς
1094 2691 1150 2744 τοῖς
1167 2687 1230 2736 πᾶσι
1243 2688 1330 2764 μεθέ-

234 2755 310 2816 ξεως,
329 2753 392 2804 καθ’
411 2751 442 2820 ἣν
460 2758 516 2806 ἐστί
530 2775 556 2806 τι
574 2759 617 2808 καὶ
634 2760 660 2806 εν
677 2754 773 2822 ἑκάστῳ
792 2752 948 2824 ἀπόρρητον.
976 2753 1111 2824 Deinceps
1129 2765 1267 2822 sequentia
1286 2753 1328 2804 in-

140 2859 144 2870 .
233 2823 318 2875 serius
337 2821 438 2875 addere
457 2823 533 2876 locus
553 2826 614 2880 erit.
650 2825 692 2875 Ex
709 2825 763 2877 hoc
786 2824 934 2895 specimine
959 2825 1012 2890 jam
1030 2821 1175 2876 Damascio'
1195 2821 1329 2890 juniorem

233 2893 334 2944 vixisse
352 2891 516 2944 Herennium
535 2905 561 2945 et
580 2891 724 2948 &elmodam
741 2893 838 2944 leviter
862 2905 888 2945 et
908 2891 1082 2962 impudenter
1105 2893 1133 2944 in
1159 2891 1329 2962 expositione

234 2977 283 3014 sua
301 2961 384 3029 egisse
402 2961 498 3032 liquet.
528 2964 569 3015 Ne
588 2963 698 3035 longius
717 2963 745 3013 in
762 2963 816 3014 hoc
836 2961 923 3043 capite
939 2962 1081 3028 immorer,
1102 2961 1180 3012 unius
1200 2960 1256 3012 loei
1273 2959 1327 3027 ἤδη

233 3033 262 3082 bt
289 3033 332 3082 καὶ
357 3031 390 3082 τὸ
414 3032 439 3082 ἓν
462 3035 511 3085 tw.
533 3043 596 3104 sqq.
623 3032 778 3084 sententiam
803 3031 932 3084 latinitate
960 3030 1059 3084 donare
1082 3030 1184 3096 licebit.
1207 3059 1239 3069 -
1265 3029 1329 3081 Jam
1361 3042 1368 3057 “

233 3116 299 3152 vero
318 3101 395 3152 etism
415 3100 504 3152 Unum
523 3115 607 3154 mente
624 3101 799 3155 informamus
817 3117 872 3153 non
897 3100 1107 3154 constrinceudo
1127 3103 1197 3169 (quc
1217 3098 1330 3150 Unitum

234 3169 357 3221 siveEnn
378 3169 540 3251 effingimus)
560 3172 607 3223 sed
625 3171 663 3222 ita
680 3183 710 3223 nt
727 3170 818 3222 omnin
836 3169 863 3220 in
880 3173 938 3236 ejus
952 3142 1150 3238 simpiicitntem
1162 3167 1329 3240 digeramus,

235 3249 316 3307 atque
337 3240 364 3290 in
387 3237 466 3291 nobie
484 3241 539 3292 baec
557 3239 716 3312 simplicitas
736 3251 841 3292 constat
860 3238 895 3290 ad
909 3238 998 3300 Unum
1017 3237 1098 3290 nobis
1118 3237 1207 3294 omnia
1220 3235 1330 3290 diluens

235 3307 284 3371 (ad
304 3325 360 3360 eam
380 3307 525 3376 unitatem,
545 3309 573 3360 in
592 3327 646 3380 qua
664 3321 791 3379 quantum
812 3308 847 3361 ad
865 3323 913 3360 nos
933 3306 1048 3373 adtinet,
1069 3307 1157 3359 omnia
1176 3311 1330 3375 prostant),

202 3401 205 3407 ν
235 3377 347 3428 multum
369 3389 455 3429 autem
476 3379 568 3445 abest,
591 3391 621 3431 ut
638 3378 784 3449 perfectam
804 3377 878 3428 illam
902 3376 1030 3448 adtingat.
1065 3374 1106 3429 lta
1124 3377 1230 3428 tandem
1249 3375 1331 3427 etiam

170 3452 172 3457 “
236 3446 372 3516 quidquid
395 3459 521 3500 et‘utcun
543 3465 577 3501 ue
596 3463 764 3520 cognoscere
782 3459 861 3518 atque
878 3445 1012 3516 suspicari
1026 3445 1099 3510 licet,
1118 3445 1205 3497 niente
1222 3444 1330 3512 adepti,

235 3527 260 3566 et
278 3516 367 3583 ipsum
386 3517 501 3587 denique
520 3466 607 3569 gnum
627 3517 739 3588 adepti,
757 3549 789 3557 —
807 3528 945 3587 postremo
984 3516 1141 3584 reponimus
1161 3526 1187 3566 et
1208 3513 1333 3566 subster-
1355 3569 1360 3576 ,

238 3585 325 3635 nimus
345 3585 413 3636 illud
423 3584 576 3650 (lneffabile
591 3600 616 3639 et
626 3587 776 3658 cognitioni
788 3533 992 3656 impenetrabiie
1003 3584 1240 3654 reconditamque)
1251 3583 1333 3652 quod

236 3653 367 3707 Omnibus
388 3655 574 3723 dissociabile,
594 3655 662 3708 nulli
681 3655 808 3726 cuiqnam
824 3653 866 3705 rei
885 3671 1049 3718 connexum,
1075 3653 1198 3723 adeoque
1218 3670 1249 3705 ex
1268 3651 1332 3702 uni-

236 3721 359 3774 versitate
379 3742 469 3776 rerum
489 3738 617 3778 exemtum
635 3735 690 3789 est,
712 3735 742 3775 ut
759 3725 812 3776 hoc
831 3723 933 3794 ipsum,
952 3721 1027 3794 quod
1046 3723 1160 3775 dicimus
1177 3723 1332 3786 Eretricum,

235 3811 249 3844 e
268 3793 379 3845 veritate
398 3811 453 3846 non
470 3795 584 3861 habea13
617 3812 675 3848 nam
694 3795 832 3845 Exemtnm
855 3792 946 3863 utique
969 3811 984 3846 n
1003 3792 1129 3863 quapiam
1146 3809 1175 3842 re
1195 3800 1334 3842 exemtum

234 3862 431 3934 seductumque
455 3881 513 3916 esse
539 3864 663 3928 videtur,
693 3881 741 3916 nec
766 3861 898 3914 radicitus
922 3873 1050 3914 exemtum
1074 3874 1128 3926 est,
1155 3859 1219 3930 quia
1241 3858 1276 3909 ad
1301 3857 1336 3910 id

234 3930 306 3984 unde
334 3946 464 3986 exemtum
489 3934 590 3997 distat,
616 3925 788 4002 comparatur
813 3944 893 4001 atque
918 3942 1037 3983 anteacta
1063 3931 1178 4000 quadam
1199 3927 1336 3980 societate

234 4001 384 4074 tenebatur.
412 4001 532 4074 Quodsi
551 4019 647 4070 respue
664 4003 800 4054 Exemtum
819 4013 1006 4069 proponatur,
1027 4000 1105 4051 etism
1125 4016 1178 4052 ncn
1197 4009 1336 4048 exemtnm

235 4084 418 4140 proponetur.
453 4073 524 4124 Nam
539 4068 643 4123 Exemti
669 4087 763 4122 nomen
789 4071 874 4121 minua
899 4071 1153 4140 eractewflveritatem
1178 4065 1335 4140 significat,

236 4140 315 4190 sitnnl
337 4143 406 4192 enim
425 4142 555 4194 continuo
572 4140 651 4192 etiam
671 4139 849 4204 Conjttnctum
868 4138 963 4192 innuit.

306 4213 333 4276 ι)
354 4211 428 4265 Mon.
448 4209 499 4282 ἄρα
518 4223 543 4262 et
562 4209 716 4278 έπιζιγιήσιιε
734 4209 871 4269 τοιούτοις.
