2798 4834
1073 273 1144 359 τις

52 455 231 542 κτωιυίτερον
250 456 340 526 εἶναι.
384 455 432 526 Τό
451 456 543 524 δὲ’
506 483 562 545 ουχ
582 454 678 538 οὕτως
699 463 773 546 ἔχει,
796 457 875 526 ἀλλὰ
893 455 1007 542 μᾶλλον
1028 448 1146 520 ἃπλεό-

34 562 160 648 νοτερόν
180 593 215 633 τε
234 567 286 633 καί
301 575 446 652 κρείττω.

136 681 194 751 Τίς
215 699 275 741 ουν
288 673 310 760 ἡ
329 677 390 740 τῶν
383 679 553 804 στοιχείων
566 672 705 758 ἁπλότης
722 672 886 758 λεγομένης
908 673 960 736 καί
981 663 1060 755 πρός
1079 673 1148 770 τίνα
1160 687 1235 768 cap

51 779 255 862 οόνθεσιν,·
238 809 260 868 ιχ
255 779 416 849 διττόν
435 781 479 847 τὸ
499 779 760 868 στοιχειωτόνς
785 777 895 866 τὸμὲν
917 778 959 856 ὥς
979 777 1096 854 εἶδος
1080 765 1149 842 επι-
1171 773 1222 836 86·

52 887 248 974 γιγνόμενον,
273 886 300 975 [3
328 893 382 957 καί
400 893 444 975 τῷ
471 887 536 966 {im
557 886 768 975 ἅπλοόστερόν
795 915 827 956 τε
853 888 905 955 καί
925 896 1076 971 κρεῖττον·
1112 875 1151 950 τὸ

50 995 84 1062 δὲ
109 996 151 1073 ὡς
167 1003 262 1084 μίγμα
282 1000 335 1064 καί
355 999 445 1082 κρίμα
465 1001 527 1062 τῶν
552 999 715 1064 συνιόντων
737 1003 906 1084 στοιχείων,
935 988 1010 1078 όνπερ
1035 993 1077 1070 ὡς
1096 997 1151 1076 μία

53 1098 206 1180 σύνθετος
225 1097 284 1190 όλιχ
304 1107 564 1190 προϋποτίθεται·
590 1102 670 1188 πρὸς
695 1103 810 1189 ταύτην
831 1093 885 1170 οἷον
904 1100 989 1168 διπλᾶ
1007 1098 1047 1166 τὰ
1066 1123 1150 1165 στοι-
1210 1106 1218 1110 “

53 1221 120 1294 χεία
141 1213 195 1276 καί
217 1209 255 1278 οὗ
272 1209 350 1297 πρὸς
372 1209 430 1296 τὴν
457 1209 675 1278 εἰδοποιοῦσαν
690 1209 728 1276 τὸ
754 1217 851 1296 μίχμω
877 1206 979 1295 κοινὴν
1003 1202 1152 1294 ἰδιότητα.

57 1318 159 1384 Οὐσία
180 1318 234 1403 μὲν
255 1308 353 1406 οὗνοῖ
375 1316 480 1385 τοιόδε
506 1320 611 1402 φύσις,
646 1318 666 1403 ἡ
688 1318 723 1384 δὲ
750 1315 883 1384 κατὰτὸ
910 1323 1006 1402 μίχμα
1026 1313 1153 1400 δυνάμει

55 1425 168 1491 οὐσία·
198 1427 251 1492 καί
275 1429 337 1492 τῶν
362 1431 515 1511 στοιχείων
533 1431 663 1492 ἑκαστον
683 1421 773 1510 με’ρος
792 1425 847 1510 τῆς
866 1414 966 1510 ὕλην,
980 1427 1076 1490 ταῦτα
1097 1411 1156 1489 οὖν

56 1529 144 1598 οὔπω
160 1532 216 1615 μὲν
236 1531 343 1613 οὐσία,
372 1529 507 1618 οὖσιοίδνχ
528 1532 562 1598 δὲ
583 1528 663 1618 ὅμως
683 1534 737 1600 καί
761 1528 900 1621 ἒχχόςτι
921 1529 1022 1616 οὖσίᾳ,
1048 1529 1154 1597 ἆτελέ·

58 1665 155 1726 στερω
175 1641 221 1708 δέ.
838 1686 842 1690 -

146 1755 190 1818 Τί
209 1775 279 1830 ουν,
306 1751 340 1829 ἐξ
360 1743 435 1837 όλιρς
456 1777 508 1816 και
499 1750 646 1831 εἴδους,
677 1751 730 1818 κει
749 1749 768 1836 ἢ
789 1746 892 1836 πρότη
914 1747 1026 1830 οόσίσς
1053 1743 1156 1814 πόθεν

60 1857 170 1924 δὲκαὶ
190 1857 352 1945 ὑπέσσηὴ
382 1854 462 1945 όλη,
492 1864 521 1924 ει
549 1857 589 1944 μή
610 1855 671 1924 όιπό
700 1862 761 1923 τῶν
788 1862 1026 1944 προγενεστέρων
1051 1851 1158 1940 φόσεις

62 1969 116 2032 καί
137 1963 195 2052 γὰρ
214 1965 234 2052 ἡ
252 1967 321 2054 παρ’
342 1967 415 2054 ἡμῖν
434 1959 498 2095 όλχ
515 1967 642 2033 ἇπδ
598 1993 660 2033 των
680 1964 926 2053 πρεςβυτόρων’
907 1969 1005 2050 αρχῶν
1018 1964 1059 2040 ὡς
1071 1969 1157 2046 φασί.

61 2082 119 2141 Δεῖ
141 2065 195 2142 οὗν
215 2078 266 2142 καί
287 2080 348 2143 ε’κεί
365 2072 498 2144 εἶναι
459 2103 515 2152 τας
535 2072 595 2142 ἆπδ
610 2101 672 2141 των
689 2077 898 2204 πρεςβυτέρων
910 2075 939 2148 ¹)
962 2075 1105 2157 μεθέξεις
1126 2075 1159 2139 ἐν

60 2176 140 2269 ὕλης
154 2178 235 2268 λογῳ
244 2186 296 2249 και
309 2190 464 2270 στοιχείων
476 2181 839 2268 παραλαμβανομένας·’
825 2207 846 2266 ιχ
864 2181 935 2268 περι
953 2181 1009 2266 μὲν
1024 2182 1085 2246 τῶν
1105 2205 1159 2265 με·

61 2295 182 2370 θέξεων
201 2294 344 2367 είςυῦθις
359 2289 573 2378 α’ναβόλλομαι
591 2289 871 2374 πολυπραγμονεῖν·
891 2290 950 2355 τόν
959 2287 993 2354 δὲ
1008 2293 1160 2374 στοιχείων

63 2425 99 2466 εν
117 2423 183 2464 τινι
207 2395 325 2483 πλήθει
345 2406 398 2466 καί
425 2425 487 2466 τινι
508 2398 652 2482 διορισμῷ
678 2397 960 2484 θεωρουμένων,“
941 2424 962 2481 η
985 2393 1077 2462 οόσία
1100 2391 1161 2480 πρό

63 2501 180 2582 παντὸς
201 2529 277 2572 ουσα
294 2505 455 2592 διορισμυυ
474 2502 718 2585 υυσιοίδους,
683 2530 741 2570 ουκ
758 2500 798 2571 όν
817 2505 865 2589 εόη
888 2503 1013 2592 δευτέρα
1033 2531 1095 2571 των
1115 2509 1162 2571 σί-

64 2619 154 2678 κείων
184 2619 345 2700 στοιχείων.
409 2609 524 2700 Πρότη
558 2602 615 2679 σόν
643 2613 804 2679 υποστῖισα
841 2605 1078 2700 συνεξέφηνεν*
1062 2615 1163 2707 εαυτῇ,

64 2720 117 2785 καί
138 2721 252 2795 e’v2)
237 2724 329 2814 εαυτῇ
357 2716 395 2785 τόι
415 2725 512 2788 οἰκεία
536 2729 682 2806 στοιχεῖα,
720 2747 762 2798 ως
781 2749 800 2801 η
791 2717 991 2805 εἱδλόττχς
952 2747 992 2787 τα
1013 2725 1091 2810 μέρη
1113 2723 1165 2787 καί

68 2822 220 2912 όκόσμος
242 2819 329 2902 οὗτος
350 2823 388 2894 τὰ
407 2830 523 2895 εαυτοῦ
543 2829 597 2894 καί
617 2831 686 2894 ἐν’
670 2832 767 2914 εαυτῷ
787 2833 934 2916 στοιχεῖα,
971 2830 1049 2917 λέγω
1070 2827 1164 2896 δὲ
1126 2853 1164 2895 ου

66 2936 124 3022 τὴν
150 2929 228 3020 όλην
247 2942 347 3002 καίτοι
379 2937 452 3010 ἴσως
479 2940 530 3002 καί
549 2934 735 3023 τπότην,α
714 2931 831 3002 όιλλ”’
813 2963 893 3022 ομως
920 2935 960 3004 τὰ
985 2962 1040 3004 του
1067 2936 1167 3014 εἴδους
1184 2991 1298 3049 pag..

67 3044 146 3131 λέγω
166 3053 317 3128 στοιχεῖα,
348 3041 453 3109 οίω
420 3071 458 3109 τα
478 3047 625 3130 τέσσαρα,
650 3041 730 3111 ι’ίττα
751 3048 828 3110 ποτέ
846 3047 930 3111 ἔστιν
949 3045 1002 3110 καί
1022 3034 1107 3121 όπως
1128 3042 1167 3111 όίν
1187 3043 1246 3105 ²54

66 3179 111 3230 τις
134 3178 213 3217 ουτα
246 3151 480 3237 διορίσειεν,”
448 3177 508 3218 ειτε
527 3147 583 3238 γὰρ
605 3153 646 3228 ὡς
665 3147 799 3235 τέσσαρα
826 3155 919 3238 μέρη,
955 3149 1125 3238 ὃλότης’
1086 3151 1167 3219 αυτὰ

68 3255 296 3347 προυβόλλετο,
316 3259 376 3324 εἴτε
395 3258 437 3335 ὡς
456 3256 492 3324 τό
512 3256 623 3345 ὁρατόν
644 3261 696 3324 καί
716 3257 813 3326 ίιπτὸν
832 3260 884 3326 καὶ
903 3258 942 3326 τίι
961 3262 1039 3344 μίσυ
1049 3257 1169 3325 τοότων

68 3368 230 3496 πανταχοῦ
249 3362 323 3432 όντοι
342 3366 396 3432 καί
413 3369 447 3432 ἕν
467 3370 559 3432 πᾶσιν
580 3362 729 3453 ὁρόμενιι,
751 3367 803 3432 καί
823 3392 922 3432 ταυτα
939 3362 1002 3432 ἆπδ
1022 3367 1079 3452 τῆς
1098 3367 1170 3450 μιᾶς

70 3500 126 3540 του
125 3470 265 3558 κόσμου
282 3469 455 3550 συστάσεως
474 3501 526 3540 και
516 3473 721 3559 μονοειδοῦς
740 3472 957 3603 υποδιεκρίθχ.
1009 3475 1085 3538 Πᾶν
1111 3497 1171 3600 χορ

71 3586 102 3645 ἓν
121 3604 184 3662 προ
210 3606 267 3646 του
294 3585 406 3647 οικείου
428 3578 576 3667 πλήθους
600 3583 729 3648 ἐστί
678 3609 727 3678 εχ
754 3584 867 3647 ἑαυτοῦ
890 3575 994 3664 φύσει,
1025 3581 1078 3645 καί
1109 3577 1173 3646 ἀπο

72 3690 184 3755 τούτου
206 3687 272 3753 οἷον
287 3685 431 3772 ἐκφόεται
450 3685 527 3755 κατὰ
549 3688 603 3755 τὸν
623 3693 786 3756 ἐκείνου’
760 3714 803 3765 εις
821 3689 921 3754 ταῦτα
944 3682 1103 3772 μερισμόν·
1133 3685 1173 3762 ὡς

74 3791 127 3882 γὰρ
141 3781 345 3872 οότωςείπείν
360 3795 492 3882 χαλᾶται
513 3791 547 3862 τό
565 3791 620 3862 Ἓν
640 3800 684 3872 είς
705 3791 872 3861 ὑπόστασιν
884 3797 945 3861 τῶν
962 3794 1097 3874 πολλῶν,
1119 3791 1174 3860 οδκ

146 4024 267 4090 ι.)Μοιι
283 4028 477 4105 προτίρωνμ-
443 4027 523 4090 -2)
539 4019 640 4076 ldem'
626 4043 655 4076 εν
673 4043 737 4110 αυτιχ
759 4033 785 4077 εί
801 4021 872 4074 infra
889 4019 975 4082 τόιςί.
999 4023 1043 4074 καί
1059 4023 1086 4076 ἐν
1105 4021 1174 4088 αὐτῷ

81 4093 349 4218 χχχιχεχταωῦὧχιχχυε
372 4099 429 4148 σίων
446 4094 480 4148 τὰ
497 4097 566 4147 τίον
591 4093 688 4149 Humi).
712 4077 800 4147 ότοπα
815 4094 880 4146 ποτί
894 4095 973 4146 ἔστιν.
991 4089 1096 4148 Mox‘
1078 4111 1114 4152 ως
1129 4090 1176 4143 τὸν

398 4251 408 4287 λ
