2750 4840
1116 306 1182 365 195

87 488 139 550 καί
161 477 255 569 ἧττον
276 489 308 549 ἐν
336 488 463 560 ἐκείνοις
492 486 718 566 ὑποτιθέμενος
738 485 790 547 ναί
814 483 966 568 ἰδιότησιν
987 483 1095 559 αὐτοῖς
1114 484 1183 549 δισ-

87 589 252 678 φερούσαις
273 590 502 676 ἆφοριζόμενος,
526 591 591 654 οἷον
611 595 654 673 τῷ
668 599 784 674 μονίμῳ
806 594 856 654 κοί
877 591 1033 674 προοδικηῖ
1053 588 1075 673 οἳ
1096 595 1138 675 τῷ
1154 594 1183 664 ⁹)

86 701 264 782 ὑπαρκτοιῷ
285 700 337 762 καὶ
357 697 525 783 ὄννομικηῖ,
552 694 629 760 κατὰ
657 695 785 772 ε’νόειξιν
804 697 856 778 μὲν
875 695 1029 781 λεγόμενα,
1052 699 1183 781 συγγνώ-

84 833 147 894 μην
167 803 207 870 dn
227 808 292 890 ἔχον
315 803 450 884 δικαίαν,
480 805 582 878 ἅπλῶς
603 803 637 868 δὲ
659 797 736 868 odiu
758 801 861 888 δεινὴν
881 802 1088 887 ἀπεργάσεται
1108 807 1181 890 σι’-’γ-

83 939 180 998 χυσιν.
202 906 402 1004 δεινθήοετον
424 909 479 998 γὰρ
499 914 551 977 καὶ
571 910 589 991 ἢ
610 911 701 995 βάσις
720 915 780 975 τῶν
801 917 935 995 νοητῶν,
955 910 1055 978 πάντα
1076 917 1183 999 ἐπίσης

85 1023 180 1100 οὐσα,
208 1027 309 1086 καίτοι
334 1021 390 1085 τόν
416 1014 573 1105 διορισμόν
599 1016 665 1101 ridet
689 1045 753 1092 πως
774 1022 806 1083 ὲν
832 1019 911 1112 αὐτῇ
931 1020 1182 1105 προβαλλομένη·

54 1215 58 1224 Ι
82 1133 159 1196 inem
189 1129 225 1195 δὲ
251 1133 303 1194 καί
334 1127 415 1212 οἷμᾶς
439 1125 477 1194 τὸ
504 1122 676 1213 ἀπόρρητον
705 1131 812 1211 ἐπίσης
837 1128 939 1194 πάντα
968 1126 1027 1213 πρὸ
1061 1125 1182 1195 πάντων

82 1241 332 1323 ὑποτνθεμένους
353 1234 430 1304 κατὰ
449 1235 486 1302 τὸ
508 1231 610 1320 ποίντη
632 1234 778 1320 ἄρρητον.

158 1367 230 1434 ’'Ett
249 1372 351 1451 pe'voot
374 1371 406 1432 ἐκ
427 1372 535 1452 τρίτων
554 1362 591 1430 τὸ
611 1361 760 1472 &Qu
771 1362 930 1450 λεγόμενον
948 1365 1026 1433 κατὰ
1048 1393 1081 1454 γε
1102 1363 1180 1432 arieti
1193 1364 1267 1445 Cap·

84 1473 119 1541 td
141 1481 184 1541 ἕν.
212 1472 299 1539 κοινὰ
324 1469 380 1560 γὰρ
405 1470 443 1538 τὰ
469 1469 569 1538 πάντα
596 1477 629 1540 ἐν
650 1475 760 1566 ἑκάστη
782 1479 967 1556 προτίθεσαι
983 1475 1006 1554 ¹)
1028 1470 1102 1559 πρὸς
1125 1469 1181 1560 δή·
1209 1459 1259 1515 47·

154 1695 184 1761 9)
205 1689 278 1741 ldeur
297 1688 314 1754 ἢ
334 1692 370 1756 τῷ
394 1693 590 1759 προῦπαρκτικῷ
615 1703 640 1742 et
667 1707 727 1743 mox
745 1701 841 1761 postea
859 1694 885 1742 iv
902 1692 977 1760 inum]
996 1692 1123 1760 προβοίλ.
1149 1721 1183 1732 --

84 1759 319 1834 Quemadmodum
343 1759 428 1836 igitur
450 1761 551 1812 Unctae
574 1773 601 1813 et
616 1762 688 1826 finio
706 1774 732 1813 et
751 1762 842 1812 Pater
867 1773 894 1812 et
910 1759 1109 1827 prn·1wt·d1'alt'e
1126 1761 1183 1812 Ea-

84 1832 178 1882 eentt'a
197 1823 223 1882 el
243 1829 352 1880 Aether·
370 1829 397 1879 in
418 1831 490 1880 ltisce
509 1830 593 1881 finitis
614 1830 707 1897 rebus,
726 1843 809 1900 prout
826 1829 961 1882 vocabula
978 1829 1084 1893 serunt,
1105 1829 1183 1882 aliud

85 1913 166 1970 atque
191 1899 265 1952 aliud
285 1897 472 1964 manifestant,
497 1900 537 1950 ihi
556 1915 623 1952 vero
643 1915 740 1954 cuncta
758 1901 812 1951 htec
831 1900 910 1952 unius
938 1900 1183 1974 natufflexempla

84 1971 128 2022 vel
146 1969 292 2022 simulacra
310 1979 380 2034 cunt,
398 1969 435 2021 ita
453 1969 485 2020 de
505 1969 567 2020 Uno
589 1969 694 2042 cogita,
714 1969 834 2040 quamvis
853 1971 880 2020 in
898 1970 973 2019 hisce
991 1987 1072 2020 unum
1093 1969 1182 2040 qnod·

84 2039 155 2091 tibet
173 2039 268 2105 aliud,
293 2037 332 2088 ibi
357 2055 436 2090 unam
454 2039 563 2090 eaodem
589 2052 709 2092 naturam
731 2040 835 2106 innuit3
864 2039 969 2108 pariter
990 2050 1069 2106 atque
1095 2038 1183 2091 Multa
1207 2094 1209 2098 ,

1 2124 2 2162 1
84 2109 217 2162 divertam
237 2121 263 2161 et
281 2107 323 2158 illi
340 2107 521 2177 postpositam
542 2120 664 2162 naturam
682 2108 848 2179 aliquapiorn
873 2108 977 2163 ratione
1002 2109 1181 2174 adumbrent3

1 2189 2 2230 ζ
84 2179 118 2232 ad
138 2180 305 2248 eandemque
325 2189 447 2228 naturam
466 2177 601 2229 diversam
620 2191 674 2230 tum
698 2180 840 2243 Infinitum
859 2189 911 2227 tum
929 2177 1064 2228 Duulr'luc
1088 2178 1183 2241 tiederi-

84 2249 145 2299 σῖτα
164 2259 191 2300 et
210 2247 348 2298 Potentia
373 2259 398 2298 et
421 2244 515 2300 Clinno
538 2260 660 2318 spectent
684 2260 763 2317 atque
784 2245 918 2317 quidquid
938 2245 1012 2299 uliud
1031 2247 1135 2299 finxeris
1155 2257 1182 2297 et

85 2317 318 2379 comminisceris,
342 2329 442 2380 utrem
462 2317 591 2386 illustres.
635 2317 725 2386 ltaque
744 2329 803 2368 ante
822 2320 877 2368 duo
897 2317 1050 2386 principia,
1082 2315 1181 2386 aliquis
1206 2371 1208 2374 ,

84 2387 201 2451 dixerit,
222 2387 329 2439 unicum
349 2386 512 2457 principium
533 2404 661 2438 essenon
682 2387 773 2447 decet,
801 2387 904 2454 quippe
923 2389 997 2456 quod
1016 2399 1074 2438 ante
1094 2401 1182 2456 oppo-

85 2457 212 2509 sitionem
230 2456 364 2521 objacent.
391 2485 416 2492 -
453 2459 488 2506 At
506 2457 622 2527 primum
641 2457 774 2518 omnium,
796 2455 843 2508 illa
862 2457 996 2526 principia
1015 2473 1074 2506 cum
1094 2471 1181 2526 teque·

84 2527 123 2578 lin
142 2527 238 2578 ordine
257 2527 314 2576 sive
334 2525 494 2577 coordinata
514 2527 584 2590 sint,
612 2543 664 2577 non
686 2525 814 2590 objacent
833 2541 880 2575 nec
905 2525 1076 2589 discordant,
1108 2524 1182 2576 velut

1 2602 2 2612 ¹
83 2595 146 2647 finis
175 2594 362 2648 etlnfiniturn.
405 2595 548 2660 Ejusmodi
566 2595 636 2646 enim
656 2595 798 2664 oppositio
818 2593 867 2643 nisi
891 2594 918 2644 in
937 2595 1059 2646 adversis
1080 2595 1181 2662 disjun-

84 2664 303 2734 ctisquerebue
323 2679 374 2715 non
401 2664 546 2714 invenitur.
591 2664 641 2714 Sed
662 2665 683 2714 si
702 2667 783 2716 modo
801 2663 940 2732 oppositio
960 2665 1053 2732 aliqua
1071 2663 1181 2734 conspi-

85 2736 193 2798 ciatur,
220 2746 350 2803 tanquam
375 2749 458 2785 causa
476 2734 509 2786 ad
529 2733 677 2795 Effectum,
707 2746 833 2802 tunquam
860 2734 975 2784 mundus
1001 2733 1181 2810 intelligibilia

83 2805 118 2855 ed
139 2803 348 2854 intellectualem
369 2815 441 2854 totns
460 2803 495 2855 ad
513 2815 598 2854 totum
616 2803 726 2854 distant.
768 2803 833 2854 Tum
860 2803 979 2874 quamvis
1005 2821 1053 2854 nos
1073 2796 1182 2872 quo‘que

0 2899 1 2902 ¹
84 2874 196 2926 unicum
215 2872 379 2943 principium
398 2889 455 2923 esso
474 2872 659 2936 conliteamur,
679 2871 752 2953 quod
772 2873 928 2941 indagantes
948 2890 978 2925 su
1003 2869 1180 2924 raincffnbilo

84 2955 110 2994 et
128 2943 301 2994 reconditum
322 2942 490 3010 reperimus,
512 2941 624 2995 utillud
643 2942 759 2994 Unicum
779 2941 947 3012 Pythagoras
994 2944 1052 2994 nius
1072 2941 1179 2994 nomine

84 3009 210 3063 laudavit
236 3015 300 3076 [nos
321 3011 395 3062 istud
416 3011 533 3063 secundo
554 3011 620 3062 loeo
640 3023 824 3076 numerantes,
843 3011 1043 3067 Unum·0mnin
1060 3009 1181 3082 appella-

1 3127 2 3130 ,
86 3082 189 3145 vimus)
208 3080 281 3132 istud
302 3080 398 3134 Unitos
418 3093 443 3132 et
461 3079 600 3132 indefinita
618 3081 741 3132 Dnalitao
761 3080 975 3151 subsequuntur.
1008 3112 1040 3122 -
1079 3113 1110 3121 -
1146 3108 1181 3120 -

87 3151 141 3202 Ubi
162 3149 247 3222 igitur
265 3151 362 3220 aliquit
386 3149 474 3213 dicat,
497 3148 712 3202 Omnia-Unum
733 3151 905 3218 mquabiliter
922 3169 973 3220 per
993 3153 1100 3216 omnia,
1126 3155 1181 3221 quit

87 3219 178 3272 Unum
197 3220 347 3289 dispersum
366 3237 438 3283 esse,
458 3221 505 3270 sed
525 3219 632 3272 duobus
652 3218 795 3290 principiis
815 3222 949 3289 antiquins
963 3219 1181 3272 primordiorum

85 3302 166 3359 atque
191 3289 320 3359 Essentiae
346 3290 397 3338 vim
420 3289 513 3357 potins
539 3289 659 3354 habere,
685 3307 764 3360 quum
784 3291 935 3360 producat,
964 3290 1005 3341 vel
1024 3290 1113 3358 finiat3
1140 3311 1180 3344 se-

88 3360 172 3412 cundi
191 3360 246 3409 hoec
265 3358 358 3426 potius
377 3361 515 3410 contraria
536 3376 613 3424 esse,
642 3387 671 3396 -
702 3360 858 3412 utrumlibet
876 3373 965 3411 autem
987 3359 1072 3410 nihilo
1092 3360 1180 3411 secius

88 3427 300 3480 Omnia-Unum
322 3445 396 3478 esse:
428 3428 449 3478 si
471 3428 530 3498 quis
550 3429 606 3479 haec
625 3427 714 3493 dicat,
743 3430 828 3494 scito,
855 3448 883 3479 se
905 3429 993 3481 adhuc
1018 3431 1044 3479 iu
1064 3430 1181 3480 curcuri-

85 3495 136 3550 bus
156 3496 387 3550 determinationis
406 3513 437 3549 ca
459 3508 529 3562 tum,
558 3497 624 3548 illuc
651 3497 775 3549 locorum
800 3511 895 3550 temere
922 3498 1020 3566 Magia
1044 3511 1068 3549 rt
1086 3500 1182 3549 Μῐοοο

87 3583 207 3635 ponere,
228 3578 254 3616 et
272 3516 486 3636 proprietatilius
506 3567 610 3637 penitus
630 3566 723 3618 alienis
741 3585 772 3619 ac
792 3567 941 3638 peregrinis
963 3585 993 3619 ra
1013 3567 1179 3631 describere,

86 3652 199 3706 qnorum
222 3655 236 3686 e
264 3653 364 3706 genere
382 3648 457 3688 sunt:
477 3635 582 3688 Stabr'le
592 3639 778 3706 firmumque,
800 3634 1038 3705 Progreeer'eum,
1067 3637 1107 3688 vel
1130 3637 1180 3686 Er·
1219 3636 1225 3652 ⁸

86 3705 203 3756 sentiule
220 3704 277 3755 sire
296 3705 592 3770 Anteeubetuntr'uum,
613 3717 639 3756 et
659 3705 830 3760 Potentr'ul.
874 3706 938 3777 Quae
961 3708 983 3758 si
1008 3707 1180 3776 significandi

86 3775 175 3846 gratia
193 3773 291 3838 adfert,
310 3773 412 3824 veniam
429 3779 526 3843 justum
546 3773 652 3827 haheat.
691 3775 737 3827 Sin
751 3777 912 3848 simpliciter
931 3790 955 3830 et
966 3775 1091 3828 absolute
1109 3775 1181 3829 diem

87 3845 210 3908 valeant,
230 3843 359 3914 ingentem
377 3845 563 3898 confusionem
583 3861 682 3896 vereor
699 3862 732 3896 ne
753 3847 915 3898 excitaturus
934 3847 979 3900 sit.
1016 3847 1085 3898 Nam
1102 3847 1180 3898 etiam

87 3913 286 3965 fundamentum
308 3932 398 3966 rerum
424 3913 638 3986 intelligibilium
665 3915 832 3991 aequabiliter
850 3915 953 3968 Cuncta
973 3933 1030 3968 eoae
1050 3927 1180 3966 monstra·

87 3979 177 4047 bitur,
197 3983 318 4054 quamvis
336 3983 389 4048 jam
407 3982 433 4032 in
452 4003 479 4036 sc
495 3983 698 4053 quodammodo
714 3985 842 4036 terminos
860 3987 971 4059 pepigit.
1010 3985 1085 4038 Sciet
1103 4001 1180 4048 vcro,

88 4063 190 4103 nosmet
210 4070 320 4122 quoquc
340 4052 407 4104 illud
428 4051 567 4106 lneiiabile
586 4052 754 4122 aequabiliter
773 4053 885 4120 Omnia,
912 4055 1040 4108 omnibut
1059 4054 1179 4106 anterius

89 4121 253 4185 exittimare,
272 4135 399 4192 qnantum
419 4123 445 4172 in
465 4139 491 4174 te
510 4139 625 4192 prortue
644 4121 850 4177 ineffabileest.

159 4197 186 4259 ι)
206 4192 286 4245 Μοο.-
304 4197 474 4263 προπίθετιο
494 4205 520 4245 et
537 4191 695 4258 ονοτονχείος
712 4193 834 4245 inferius·
988 4261 1013 4308 l
