2750 4840
236 265 284 328 id

234 443 345 528 πρώτῳ
365 447 536 528 χαίροντες,
559 450 606 520 ἐῖν
626 442 680 512 τάν
700 445 795 532 ἀρχῆς·
809 441 905 532 λέγον
927 451 981 532 τῆς
1002 446 1226 536 πρεσβυτάτης,
1250 441 1316 514 oiim

235 548 331 636 drisci
348 549 383 618 ’έά
402 549 480 618 αὐτὸ
500 551 708 642 προσάγομεν,
738 555 804 620 οἷον
825 555 981 642 σύμβολον
992 561 1049 642 τῆς·
1058 557 1242 644 ἁπλότητος.
1260 558 1317 622 ἐπεῖ

234 662 287 726 καὶ
310 661 347 726 τὸ
367 664 509 742 πάντα,
540 661 606 727 οἷον
634 661 790 748 σύμβολον
813 665 872 750 τῆς
900 664 1021 732 πάντων
1049 671 1205 754 περιοχῆς.
1230 661 1263 732 τὸ
1278 651 1318 730 Υδέ

234 769 289 832 ἐπ’
319 765 462 852 ἀμφοῖν
488 763 512 852 οἳ
540 762 612 852 πρέ
645 767 788 852 ἀμφοῖν
819 771 882 838 oirr’·
914 775 1045 853 ἐννοεῖν,
1079 773 1145 840 οὐτ’
1177 771 1318 859 ὀνομάζειν

235 878 350 961 ἔχομεν.
391 877 457 944 Καὶ
485 882 518 942 τί
544 873 754 961 θαυμαστόν,
782 884 809 945 si
835 880 906 966 περὶ
926 885 1022 947 ἐκεῖνο
1043 887 1142 950 ταῦτα
1162 881 1320 968 πάσχομενι

235 977 273 1049 οὗ
300 985 353 1051 eui
379 986 400 1071 ἡ
425 983 636 1072 διακεκριμένη
662 991 771 1071 γνῶσις
791 993 891 1054 ἑνιαία
917 993 1019 1071 ἐστὶν,
1044 983 1081 1076 ἧς
1102 990 1161 1058 otia
1181 985 1320 1058 αἰσθανέ·

179 1081 180 1084 ¹
233 1097 337 1178 μεθα·
366 1092 447 1161 ἀλλά
472 1097 525 1160 καὶ
551 1096 621 1180 περὶ
650 1091 686 1160 τὸ
715 1093 749 1179 ἀν
778 1103 906 1165 τοιαῦτα
935 1105 1023 1185 ἕτεροι
1052 1096 1266 1187 πεπόνθαμεν·
1292 1091 1320 1162 τέ

235 1201 292 1291 γὰρ
316 1199 350 1266 ἀν
372 1201 447 1268 ἰδεῖν
469 1206 687 1290 ἐπιχειροῦντες
707 1201 784 1272 arieti
809 1205 951 1290 ἀφίεμεν,
973 1204 1065 1274 τὰδὲ
1086 1221 1219 1297 στοιχεῖα
1239 1206 1325 1273 uisci

233 1315 462 1407 wtodzouar,
487 1315 604 1400 πέρας
633 1315 685 1378 καὶ
713 1311 901 1399 ἄπειρον,
934 1314 975 1390 ἀς
996 1323 1099 1402 φασίν.
1138 1315 1323 1385 Ἐἀνάὲιιαί

233 1419 270 1487 τὸ
290 1421 499 1509 ἀληθέστερον
518 1419 721 1505 ἐννοήσωμεν,
743 1414 798 1488 ἀει
818 1424 984 1490 καὶτοῦτο
1006 1421 1156 1511 πλήρωμα
1177 1430 1237 1492 τῶν
1255 1425 1324 1490 πάν-

233 1555 296 1595 των
310 1531 391 1595 ἐστὶν
403 1529 569 1613 ἡνωμένον,
588 1525 624 1594 cd
645 1528 700 1612 μὲν
720 1526 870 1596 πάντων
890 1536 935 1608 εἰς
949 1531 1077 1617 πλῆθος
1098 1533 1181 1618 ἡμᾶς
1201 1534 1323 1614 ιιαταφέ·

234 1661 297 1723 ρει,
322 1633 353 1704 td
375 1636 409 1704 δὲ
427 1637 630 1722 ἡνωμένον
650 1637 787 1721 ἀφανίζει
808 1636 844 1706 ια’
865 1639 996 1707 πάντων.
1018 1641 1100 1708 Ἀλλ’
1121 1640 1244 1726 οάπωγε
1265 1638 1325 1706 ouidi

234 1750 329 1813 τοῦτο
350 1751 569 1832 θαυμαστέον·
600 1749 652 1813 καὶ
673 1741 729 1832 γέρ
750 1749 882 1814 καὶτῶν
903 1747 991 1814 εἰδῶν
1011 1756 1139 1816 ἕκαστον
1162 1749 1237 1816 ἰδεῖν
1257 1754 1322 1837 βου·
1358 1808 1360 1814 .

235 2011 323 2066 Unins
341 2010 507 2081 primitivam
525 2009 623 2064 Omnia
641 2011 691 2078 sit,
715 2010 830 2084 singulis
853 2011 937 2064 rebus
957 2011 1134 2079 adhaerescit,
1160 2024 1190 2066 et
1210 2025 1324 2082 tanquam

234 2082 312 2135 radix
330 2093 411 2152 atque
429 2081 622 2134 firmamentum
640 2091 691 2134 eet.
720 2111 753 2120 -
784 2080 851 2152 Quae
868 2082 940 2134 enim
959 2079 1056 2133 Omnia
1073 2083 1176 2134 Rerum
1194 2079 1326 2154 pluraliter

235 2165 261 2204 et
278 2152 396 2232 sparsim
415 2161 494 2216 sunt,
512 2165 545 2202 ea
561 2150 612 2202 iste
630 2149 691 2202 finis
708 2150 799 2203 uniter
817 2163 874 2216 est,
893 2151 951 2204 noli
970 2150 1111 2218 arbitrari,
1134 2164 1265 2222 quantum
1283 2165 1325 2220 po·

234 2225 320 2276 tentia
336 2234 391 2287 est,
410 2237 460 2273 neo
479 2230 608 2301 quantum
627 2236 709 2275 causa
724 2220 798 2274 cluet
813 2238 905 2272 rerum
925 2236 994 2292 quae
1016 2238 1070 2274 non
1089 2221 1246 2275 adhucdum
1263 2230 1323 2282 sunt,

235 2291 284 2343 sed
302 2289 325 2342 si
347 2290 389 2343 fas
407 2301 448 2342 est
465 2288 567 2355 dicere,
586 2303 716 2362 qnantum
734 2291 813 2361 quasi
834 2289 1015 2360 primordium
1035 2301 1062 2342 et
1081 2293 1199 2345 essentia
1216 2293 1275 2362 ipsa
1290 2305 1327 2340 ax·

235 2371 309 2426 etat,
330 2372 357 2413 et
377 2359 478 2412 eutium
497 2371 554 2426 est,
575 2371 601 2412 et
623 2361 738 2414 essentia
756 2360 866 2430 quidem
883 2359 966 2412 unica
984 2359 1048 2425 illa,
1068 2373 1095 2413 et
1113 2365 1169 2432 qua
1187 2375 1227 2414 eat
1243 2359 1323 2421 unica,
1354 2372 1356 2380 ’

237 2429 362 2482 Omnium
378 2430 472 2482 feroce
491 2433 588 2482 natura
603 2430 747 2484 instructa.
768 2429 1005 2501 Quemadmodum
1021 2430 1105 2510 igitur
1122 2441 1273 2482 ceterarum
1291 2445 1326 2479 re·

234 2517 295 2552 rum
325 2498 454 2565 cuilibet,
490 2498 531 2552 sic
556 2498 652 2551 itidem
679 2499 830 2572 Cognitiro
861 2517 911 2552 seu
936 2497 1110 2570 Cognitionis
1141 2501 1239 2570 capaci
1261 2497 1328 2552 adest

235 2570 325 2622 Unum
344 2569 510 2640 cognitivum
526 2585 577 2622 seu
595 2569 754 2642 cognitione
772 2571 901 2637 tinctum,
922 2571 997 2638 quod
1015 2581 1141 2640 tanquam
1155 2569 1327 2642 Comprehen-

236 2637 317 2690 sibile
343 2649 465 2709 prostat,
491 2655 546 2692 non
565 2655 598 2692 eo
617 2640 695 2710 quod
714 2639 917 2692 alterumutrum
936 2649 993 2702 est,
1019 2639 1116 2692 sedeo
1138 2641 1216 2709 qnod
1236 2652 1327 2690 utrum-

141 2759 145 2780 ,
235 2727 288 2780 que
295 2746 304 2773 ,
324 2725 410 2781 supra
427 2709 652 2774 alterumutrurn,
680 2710 791 2781 gravius
811 2719 841 2759 ut
861 2707 964 2773 dicam,
984 2708 1059 2779 quod
1078 2726 1164 2779 supra
1184 2710 1326 2826 Utrnmpue

234 2779 357 2844 junctum
373 2779 479 2831 eminet.
500 2777 598 2830 Omnia
615 2793 731 2849 namque
750 2778 823 2831 cluet
841 2794 893 2830 oon
910 2795 943 2829 ex
957 2777 1121 2830 discretione
1133 2779 1183 2830 sed
1202 2791 1262 2832 ante
1297 2775 1326 2825 is·

236 2847 393 2900 cretionem.
436 2847 499 2901 Hoc
517 2847 623 2900 demam
644 2849 726 2900 modo
743 2848 832 2918 probe
850 2847 945 2900 Omnia
963 2867 1018 2918 pra
1038 2846 1172 2900 Omnibus
1191 2849 1260 2912 erit,
1279 2859 1325 2896 non

207 2920 211 2934 ’
234 2916 402 3038 {ttltt’
422 2907 979 3040 ttttlttttl'ettttzlttstt?
996 2915 1326 3039 Stlttlmttttlz

234 3055 287 3108 bus
315 3006 483 3125 uni;'‘“d
508 3005 645 3108 Omnibud)
663 3057 824 3127 superiore,
851 3025 999 3109 subtilio’re
1026 3006 1065 3108 iii¹
1077 3074 1129 3125 per
1154 3007 1231 3110 siam
1248 3053 1327 3126 ipsius

235 3125 439 3196 simplicitatem
466 3127 624 3179 sinceriore.
651 3155 684 3167 —
704 3157 736 3165 —
760 3127 859 3178 Rerum
879 3125 913 3177 ab
933 3125 997 3179 Uno
1016 3125 1191 3178 seductarum
1210 3138 1327 3194 unaquo-

234 3195 290 3276 vis,
316 3195 469 3317 qnanltplin
486 3213 711 3296 unacummaque
731 3194 857 3277 Omnium
871 3195 1213 3316 praesaga-continuatur,
1233 3213 1263 3277 eo
1284 3207 1328 3312 ρξ-

233 3277 293 3387 ῗάἱ
307 3278 337 3387 {i
352 3283 476 3388 ittet:
490 3278 918 3406 {tatutttttttttttttt
937 3277 1326 3403 ttJtattttittrtta

234 3403 366 3458 minorem
385 3406 560 3458 secretionem
578 3405 709 3477 proprius
733 3405 842 3458 adeunt.
874 3434 907 3443 -
937 3434 970 3443 -
1003 3405 1094 3458 Unum
1119 3405 1228 3476 igitur,
1258 3396 1328 3473 quod

235 3473 332 3527 Omnia
341 3474 562 3545 snperOmnibut
576 3476 658 3540 cluet,
671 3487 727 3527 tum
737 3477 894 3547 cognoscit,
912 3487 968 3526 tum
977 3473 1159 3546 cognoscitur
1172 3467 1326 3545 (cognobile

233 3556 259 3596 et
277 3546 443 3618 cognitivum
461 3563 508 3598 seu
527 3545 773 3617 comprehensibile
793 3557 819 3597 et
837 3545 1083 3615 comprehendens)
1103 3557 1129 3597 et
1147 3545 1327 3616 quodcunque

233 3613 308 3669 aliud
326 3615 366 3666 vis
386 3629 440 3684 eet3
460 3615 614 3697 neutiquam
631 3615 684 3679 ita,
704 3614 745 3667 nti
764 3614 893 3685 eloquor,
917 3615 1013 3686 utique
1031 3614 1142 3686 singulae
1159 3633 1203 3668 res
1222 3623 1282 3666 sunt
1294 3635 1328 3690 ⁸·-

234 3685 287 3744 (bse
307 3685 376 3736 enim
394 3697 505 3739 secretae
524 3685 616 3736 divisse
635 3697 660 3737 et
677 3683 749 3736 inter
766 3701 796 3736 se
817 3683 950 3754 oppositu
968 3688 1046 3748 suut)
1065 3715 1098 3724 -
1118 3685 1167 3738 sed
1187 3685 1276 3738 Unum
1293 3689 1328 3728 tta

235 3752 333 3806 Omnia
349 3757 413 3827 prae'
424 3755 557 3808 Omnibus
577 3765 637 3820 est,
665 3765 712 3817 ut,
738 3757 792 3824 qud
809 3755 898 3807 Unum
919 3766 968 3818 est,
988 3753 1101 3806 cuilibet
1123 3753 1273 3823 pluralium
1292 3764 1327 3800 ει-

234 3836 369 3877 cretarum
393 3845 484 3888 rerum
509 3842 542 3878 eo
568 3826 651 3878 modo
671 3823 869 3889 adhaerescat,
884 3823 941 3904 .qu
963 3822 1059 3876 modus
1084 3825 1141 3890 rei,
1170 3824 1217 3877 oui
1241 3821 1327 3941 ipsum

233 3893 323 3947 Unum
340 3894 431 3960 adest,
449 3894 624 3968 singulariter
635 3893 786 3946 conveniat.
808 3893 1016 3946 Homtntsenim
1027 3893 1126 3960 Unum,
1145 3894 1240 3946 verior
1270 3902 1327 3942 omo

232 3974 261 4015 et
281 3964 386 4018 animae
397 3965 497 4028 Unum,
515 3962 607 4015 verior
624 3976 651 4018 et
668 3963 828 4015 eminentior
845 3962 934 4015 amma
948 3975 1009 4016 etc.
1031 3981 1091 4034 sqq.
1110 3965 1223 4017 notione
1235 3959 1327 4018 Unius,

232 4034 310 4104 quod
328 4034 423 4086 etaim
444 4033 606 4086 licissimum
628 4044 654 4086 et
672 4032 890 4102 copiosissimum
914 4033 1036 4085 omnium
1053 4051 1142 4086 rerum
1160 4031 1239 4105 quasi
1258 4026 1330 4082 semi·

233 4103 338 4154 numum
348 4052 521 4175 perbiitetur,
540 4104 713 4156 excruciatur
732 4113 759 4153 et
777 4101 900 4154 eiusdem
918 4103 1025 4174 generis
1043 4102 1153 4156 labores
1165 4114 1191 4155 et
1204 4101 1238 4154 de
1251 4100 1326 4157 Ente,

234 4172 268 4224 de
284 4171 355 4228 ideis
373 4185 427 4227 etc.
447 4173 560 4227 dolores
578 4173 679 4243 quibus
697 4189 772 4224 mens
791 4170 910 4238 laborat,
931 4186 1129 4227 commemorat.

1193 4351 1206 4382 Ο
