2770 4840
253 272 318 336 1²28

249 445 306 515 ’όοα
328 452 398 528 περί
420 453 517 514 ταῦτα
540 453 590 514 καί
611 454 640 522 ἓν
662 453 783 527 τούτοις
804 452 974 537 ἀπορητέον
1001 479 1034 518 τε
1056 456 1108 519 καί
1130 447 1189 541 όπη
1210 456 1327 521 δυνατόν

250 564 411 644 ἐννοητέον
433 562 582 646 περὶτῶν
604 559 792 644 τηλικούτων
805 565 843 638 ³).

321 661 379 732 Ἕν
408 667 448 752 δη
476 669 536 754 πρό
563 665 685 735 ποίντων
711 674 806 735 έκεῖνο
834 667 988 755 ζητήσειεν
1014 669 1050 738 ι’ίν
1077 699 1141 753 τις,
1170 670 1220 738 διδ
1244 683 1271 740 τί
1294 675 1327 758 μή

249 771 324 858 μετὰ
344 773 380 840 τό
410 783 442 840 ἓν
470 771 572 851 εὗθδς
598 773 635 842 τό
662 777 876 860 ἡνωμένονς
903 778 937 843 τό
958 777 1022 865 ,γὰρ
1049 781 1203 867 ἡνωμένον
1222 785 1328 866 πρῶτον

246 887 391 949 Ιπέπονθε
413 879 447 948 τό
469 890 515 948 έν·
536 887 629 948 τοῦτο
652 881 712 969 ἄρα
732 882 808 967 μετιί
828 885 863 949 τὸ
886 892 927 950 έν.
950 923 988 934 ·-

267 1015 274 1030 ·
327 987 420 1060 ’Λλλοὶ
442 989 540 1056 δεῖται
560 989 596 1056 τό
617 992 769 1075 ἡνωμένον
789 997 848 1058 τοῦ
871 997 923 1060 καὶ
944 994 1044 1079 πολλοί
1073 995 1167 1062 εἶναι·
1210 1002 1331 1079 συμφαί-

249 1127 334 1165 νεται
347 1108 376 1175 4)
399 1097 456 1185 γὰρ
484 1098 567 1183 αδτῷ
595 1105 646 1164 καί
666 1127 694 1164 τι
715 1100 841 1184 πλῆθος
864 1101 928 1166 οἷον
950 1106 1188 1187 καταπινόμενον
1206 1102 1263 1170 ι”ιπό
1283 1107 1331 1168 τοῦ

248 1206 328 1284 ἑνός.
360 1207 482 1275 Οὔκοῠν
503 1208 522 1294 ἡ
544 1209 605 1275 τῶν
626 1208 748 1274 πολλῶν
770 1207 844 1295 ἀρχὴ
859 1210 983 1295 πλῆθός
1004 1215 1038 1277 τέ
1058 1217 1135 1277 ἐστι·
1160 1208 1333 1296 πολλὰγὰρ,

249 1315 300 1381 καί
321 1317 435 1400 μετέχει
456 1316 514 1380 τοῦ
535 1312 616 1389 ἑνός·
638 1310 720 1409 αὕτη
742 1312 802 1402 όίρα
823 1311 859 1380 τό
880 1315 1031 1398 ἡνωμένον
1051 1321 1124 1390 ἐστι,
1146 1319 1333 1404 βουληθεῖσα

247 1424 303 1507 μὲν
324 1421 435 1506 ι’ίπειρα
457 1427 613 1508 γενέσθαι,
633 1421 809 1507 πεδηθεῑσα
832 1420 864 1487 δὲ
886 1427 925 1518 τῇ
945 1427 1073 1507 μεθέξει
1086 1416 1115 1500 ⁵)
1137 1431 1194 1491 τοίι
1217 1429 1334 1500 ἑνός-

243 1528 290 1598 Ἢ
313 1529 348 1597 τό
373 1531 427 1613 μὲν
454 1531 607 1612 ἡνωμένον
634 1531 700 1597 οἷον
725 1529 760 1594 τό
775 1531 804 1604 ⁶)
831 1529 936 1612 μικτόν
957 1530 1035 1598 εἶναι
1056 1534 1178 1613 ἐθέλει,
1202 1532 1288 1600 οὐδὲν
1307 1532 1334 1617 δὲ

249 1645 431 1708 συντίθεται
457 1644 488 1720 ἐξ
507 1636 662 1725 ὑπάρξεως
682 1641 733 1704 καί
753 1643 916 1725 μεθέξεως·
947 1639 982 1706 οὐ
1003 1638 1063 1728 γοίρ
1085 1640 1121 1706 όίν
1142 1645 1190 1728 εἴη
1214 1652 1335 1730 στοιχεῖα

247 1749 267 1835 ἢ
295 1753 371 1834 μέρη
392 1745 516 1832 τινδςῆ
547 1746 646 1814 ἄλλου
666 1752 792 1832 μέθεξις
813 1753 845 1814 ἕν
866 1748 952 1834 αὐτῷ
973 1749 1065 1835 καὶὴ
1089 1744 1220 1835 δπαρξις
1240 1751 1335 1816 αὐτοῦ·

247 1865 333 1922 ἔσται
354 1856 408 1941 γὰρ
426 1857 445 1942 ἦ
471 1850 594 1942 δπαρξις
616 1857 656 1930 ὡς
675 1858 730 1940 μὲν
751 1869 898 1941 στοιχεῖον
914 1862 944 1922 έν
967 1849 1045 1945 ίίλης
1065 1855 1147 1944 λόγῳ
1161 1865 1337 1945 προϋποκεῖ-

247 1987 355 2049 μενον·
378 1964 471 2042 ὡςδὲ
492 1960 619 2048 ἱίπιιρξις
640 1962 879 2052 ἐπιγιγνόμενον,
901 1965 966 2032 οἷον
986 1993 1017 2032 τι
1037 1965 1118 2043 εἶδος
1138 1971 1184 2034 ἑνί
1208 1973 1338 2052 στοιχείῳ

248 2081 284 2170 τῇ
306 2079 438 2158 μεθέξει.
470 2077 522 2139 καί
544 2067 621 2150 ιόλως
642 2074 777 2162 ὁμοταγῆ
798 2101 863 2151 πως
884 2071 922 2142 τό
938 2087 1088 2160 στοιχεῖα·
1109 2075 1145 2141 τό
1166 2075 1203 2142 δὲ
1224 2081 1337 2161 μετέχω

247 2188 297 2250 καί
317 2185 337 2268 η
359 2188 482 2267 μέθεξις
504 2182 558 2268 οὐχ
580 2184 727 2269 ὁμοταγῆ,
751 2182 819 2249 οἷιδέ
841 2187 874 2249 έκ
894 2189 965 2268 μιᾶς
987 2183 1245 2266 ἇντιδιαιρέσεως.

329 2296 431 2373 Χωρίς
453 2290 486 2358 δέ
508 2291 637 2371 τούτων,
665 2291 859 2376 τὰστοιχεῖα
880 2289 939 2360 διίο
960 2290 1171 2376 τούλάχιστον·
1198 2293 1253 2379 ἡδὲ
1274 2291 1339 2356 δει-

245 2405 316 2483 τέρα
335 2393 408 2486 ιἰρχη
428 2391 505 2477 δοιός
525 2390 581 2484 ἦν,
603 2401 642 2474 ὡς
663 2407 695 2466 ἓν
716 2396 881 2479 δυαδικόν,
909 2404 960 2466 καί
983 2399 1083 2466 πολλὰ
1103 2403 1152 2465 καί
1176 2401 1291 2484 ἄπειρα
1306 2397 1340 2470 ὡς

245 2509 397 2594 πολλότης
419 2513 470 2575 καί
489 2508 619 2592 ἀπειρία,
640 2517 672 2574 ἓν
694 2507 834 2591 ἑκάτερον
855 2501 961 2591 μόνον·
984 2513 1019 2603 τη
1040 2508 1074 2573 δὲ
1097 2507 1231 2594 ἰδιότητι
1245 2500 1340 2574 πολλὰ

245 2619 297 2682 καὶ
317 2615 444 2701 ἄπειρα·
468 2615 557 2682 οίίπω
579 2615 638 2702 ἄρα
658 2627 790 2700 στοιχεῖα
801 2621 862 2682 ἐκεῖ
882 2620 936 2681 τοῦ
954 2617 1118 2699 ἡνωμένον.
1141 2617 1270 2684 πλείοσι
1292 2612 1341 2698 χδρ

244 2722 278 2788 τό
300 2731 332 2790 έν
360 2723 570 2808 ἐπιγενόμενον
596 2722 798 2810 ἀπεργάζεται
818 2719 852 2788 τὸ
878 2723 1043 2806 ἡνωμένον·
1072 2728 1135 2790 ἑνοῖ
1161 2725 1224 2810 γὰρ
1250 2723 1285 2790 τό
1306 2730 1340 2798 ἕν,

242 2832 380 2916 οόδηποτ
403 2840 514 2916 ἕτερον,
536 2833 556 2895 δ
578 2836 629 2897 καί
651 2829 726 2898 αὐτό
747 2829 841 2918 μόνον
863 2839 896 2896 ἓν
916 2835 967 2896 καί
988 2832 1120 2909 ἁπλοῦν,
1143 2830 1229 2898 ἀλλὰ
1251 2834 1303 2898 καί
1316 2833 1340 2903 ⁷)

242 2941 338 3008 πλείω
367 2939 447 3020 ἑνός,
476 2937 560 3006 οὔπω
587 2941 623 3006 δὲ
648 2945 710 3006 ἐκεῖ
730 2935 768 3006 τό
793 2939 902 3005 πλείω·
930 2944 1053 3024 μεθέξει
1073 2936 1128 3028 γοὶρ
1148 2939 1342 3028 πολλότητος

243 3059 373 3135 γίγνεται
394 3047 432 3116 τοί
455 3051 563 3116 πλείω·
586 3047 752 3136 διαιρετικὴ
776 3045 834 3135 γαρ
854 3049 874 3133 ἡ
894 3048 1057 3132 πολλότης,
1079 3053 1207 3116 ἑνοῦται
1231 3049 1288 3140 γὰρ
1308 3051 1343 3116 τα

242 3157 423 3250 διῃρημένα,
452 3161 553 3222 ταῦτα
581 3155 615 3223 δὲ
640 3155 791 3242 μεταίτην
817 3152 1008 3221 πολλοποιὸν
1029 3153 1131 3245 ᾆρχήν.
1165 3163 1201 3224 έν
1235 3159 1341 3244 πρώτη

242 3264 302 3350 ι’ίρα
324 3272 365 3352 τῷ
391 3273 480 3354 τρίτῳ
499 3263 537 3331 τὰ
558 3265 652 3332 πλείω
679 3261 862 3349 φαντάζεται
869 3313 878 3343 ,
906 3262 1012 3348 διόπερ
1034 3272 1087 3330 καί
1107 3266 1127 3352 η
1148 3270 1251 3335 τῶνδε
1273 3276 1343 3336 ἕνω-

243 3400 290 3448 σις
311 3379 341 3439 έν
362 3372 447 3458 αὐτῷ
468 3372 597 3460 πρώτῳ,
620 3371 657 3438 τό
679 3372 712 3437 δὲ
734 3369 792 3457 πρό
816 3367 936 3437 πόντων
957 3372 1113 3458 ηνωμένον
1134 3379 1256 3442 έκεῖνο·
1287 3373 1342 3460 πρό

240 3481 272 3546 δὲ
285 3481 429 3564 τοίτουη
453 3480 578 3563 δευτέρα
595 3477 680 3568 ἀρχὴ,
702 3483 815 3564 μετέχει
833 3480 887 3562 μὲν
908 3483 964 3545 τοῦ
985 3477 1066 3555 ἑνός·
1089 3487 1122 3546 ἓν
1143 3482 1203 3568 γὰρ
1226 3489 1343 3569 ἐγένετο

216 3577 292 3653 ’καί
314 3585 395 3672 αὕτη
408 3592 447 3663 ⁸).
475 3585 630 3654 πολλὰδὲ
652 3577 733 3652 οὖσα
754 3591 789 3678 τῇ
810 3585 941 3670 ἰδιότητι
960 3584 1039 3681 μόνη
1060 3593 1167 3653 ἕνωσιν
1190 3589 1254 3656 οὐκ
1278 3597 1343 3678 ἔχει.

232 3679 280 3762 ‘11
304 3693 363 3782 γὰρ
393 3704 513 3775 ἕτωσις,
546 3691 625 3762 δποιι
657 3693 807 3778 διάκρισις
828 3695 867 3778 ην
895 3699 955 3759 τῶν
976 3690 1135 3762 πλειόνων.
1168 3704 1271 3784 τοῦτο
1293 3701 1345 3785 μὲν

241 3796 299 3871 οὖν
321 3805 374 3872 οὐκ
395 3804 435 3872 τίν
456 3803 555 3881 ἄλλως
575 3803 615 3870 ἅν
636 3831 683 3879 τις
703 3799 910 3888 ὑπονοήσειεν.

308 3957 338 4019 ὅ)
360 3958 394 4009 H.
417 3957 444 4008 in
463 3970 533 4009 textu
554 3958 688 4010 τοιούτων.
709 3957 737 4008 in
757 3975 790 4008 m.
809 3977 850 4027 γρ.
869 3957 1036 4023 τηλικούτων.
1057 3989 1089 3999 -
1124 3962 1155 4016 4]
1176 3961 1263 4013 Mon.
1283 3981 1344 4014 στιν-

240 4032 400 4096 εμῳαίωιίιι.
420 4055 451 4065 -
487 4029 517 4094 5)
535 4025 608 4078 Idem
626 4030 658 4097 τῖγ
676 4029 754 4094 μίξει,
776 4057 807 4065 -
834 4027 864 4091 6)
884 4026 923 4077 ld.
941 4027 973 4078 τὸ
992 4044 1044 4079 om.
1064 4027 1117 4079 Pro
1134 4027 1151 4094 ἢ
1169 4028 1262 4084 ἄλλον
1279 4037 1344 4102 μεθ.

240 4097 257 4147 Ι.
281 4114 378 4148 censeo
399 4095 413 4161 ίγ
433 4093 496 4161 ἄμ.
516 4109 540 4150 et
560 4097 643 4166 paulo
664 4096 775 4148 inferius
793 4094 809 4160 ίγ
829 4097 856 4146 δὲ
874 4099 983 4164 μέθεξις
1001 4096 1178 4183 έπιχττόμενον
1198 4105 1262 4153 οἷον
1281 4124 1305 4154 τ.
1325 4121 1343 4151 ι.

240 4186 278 4218 ατ.
298 4169 330 4238 τῇ
349 4165 463 4236 δπόρξιι.
488 4194 521 4205 -
545 4173 587 4248 1γ)
608 4168 681 4218 Mon.
701 4168 744 4216 καί
763 4183 866 4216 οιτι.·-
903 4166 933 4231 8)
953 4167 992 4220 ld.
1014 4185 1088 4234 αντη.
