2798 4834
1081 274 1151 358 ³¹9

63 459 99 527 τά
120 463 226 527 κινοῦν
249 451 266 555 ᾗ
289 469 378 534 κινεῖ,
401 453 519 534 πάντως
539 454 695 542 ἀκίνητον·
718 462 745 522 εἰ
766 454 825 540 γάρ
845 455 895 520 καί
916 458 1010 520 τοῦτο
1030 461 1152 527 κινοῖτο,
1205 499 1210 510 .

63 570 109 636 ἐπ’
131 568 258 650 ἄπειρον
277 561 404 651 ἥξομεν·
434 571 464 637 εἷ,
489 564 523 630 δὲ
551 561 585 631 τά
613 562 814 649 αῦτοκὶνητον
840 563 921 646 λίγοι
947 587 993 636 τις
1019 558 1097 626 εἶναι
1117 555 1152 621 τά

61 684 186 761 πρῶτον
207 680 325 755 κινοῦν,
347 673 490 758 ἀκίνητον
512 670 548 737 ἀν
571 674 636 756 εἴη,
664 673 715 736 καὶ
743 669 797 736 οῦκ
823 667 1038 752 αῦτοκίνητον·
1071 671 1098 731 εἰ
1119 663 1153 729 δὲ

63 781 177 851 ταυτάν
198 777 262 867 ἅμα
280 786 383 848 κινοῦν
403 807 454 845 και
474 776 660 865 κινούμενον,
680 781 732 844 καὶ
752 770 771 871 ᾖ
791 777 845 861 μὲν
865 779 980 854 κινοῦν,
1002 773 1154 859 ἀκίνητον,

64 888 140 986 ᾗδὲ
162 890 214 975 ὑφ’
228 894 290 971 ³)‘
276 893 384 956 εαυτοῦ
407 884 599 971 κινούμενον,
625 887 839 970 αὐτοκίνητον,
867 883 920 949 οῦκ
942 887 1029 1008 ἔφται
1048 885 1154 946 καθα-

65 1003 126 1081 ρῶς
146 996 307 1082 ἀκίνητον,
324 991 405 1065 ἀλλά
421 998 542 1079 πρῶτον
560 993 615 1076 μὲν
635 997 694 1058 τῶν
716 995 914 1072 κινουμένων,
947 981 996 1054 ὅτι
1017 989 1071 1118 οῦγ
1093 987 1155 1053 ῦπῦ
1231 1061 1233 1067 ¹

65 1104 181 1187 άλλςυ,
215 1102 322 1168 ἀλλ’
304 1103 358 1184 οφ’
380 1104 508 1180 ἑαυτοῦ,
535 1103 659 1184 ἔσχατον
685 1099 783 1164 δὲ
742 1126 801 1164 των
828 1101 1004 1179 κινούντων,
1039 1092 1086 1162 ’άτι
1119 1094 1155 1162 οῦ

65 1211 159 1294 μόνον
180 1210 244 1276 ἐστὶ
264 1211 376 1287 κινοῦν,
397 1202 475 1276 ἀλλά
499 1209 550 1272 καὶ
572 1205 760 1291 κινούμενον·
782 1206 882 1274 δεῖδὲ
904 1203 938 1272 τά
961 1204 1067 1290 ἀμιγὲς
1081 1201 1156 1291 πράς

66 1314 101 1382 τά
122 1326 240 1404 χεῖρον,
271 1311 329 1399 πρά
348 1317 404 1378 τοῦ
425 1316 603 1398 μεμιγμένου
632 1317 787 1380 τίθεσθαι
816 1311 855 1390 ιῦς
879 1316 1014 1395 πρῶτον·
1046 1317 1073 1377 εἰ
1096 1309 1157 1397 γάρ

66 1426 115 1491 δεῖ
134 1423 215 1490 εἶναι
233 1418 292 1510 πρά
314 1427 369 1488 τοῦ
388 1425 568 1505 κινουμένου
589 1417 624 1486 τὸ
645 1421 766 1499 κινοῦν,
799 1414 874 1506 ’άπερ
892 1423 925 1498 ἐξ
943 1418 1071 1505 ἀνάγκης
1090 1417 1156 1483 ἀκί-

67 1559 181 1618 νητον,
211 1531 247 1598 οῦ
275 1527 406 1597 δάναται
432 1535 549 1612 πρῶτον
575 1529 652 1594 εἶναι
677 1533 779 1594 κινοῦν
807 1526 843 1592 τὸ
873 1518 939 1612 άμα
967 1525 1155 1611 κινούμενον·

69 1640 140 1708 οὐδὲ
161 1635 217 1724 γάρ
236 1645 345 1723 κυρίως
364 1635 456 1703 τοῦτό
478 1641 544 1702 ἐστι
563 1636 599 1703 τιν’
621 1634 739 1701 κινοῦν·
772 1642 802 1700 τί
829 1631 885 1720 γάρ
909 1635 1027 1718 μᾶλλον
1055 1638 1157 1700 κινοῦν

68 1747 90 1836 ἢ
112 1743 287 1830 κινοάμινον
308 1740 344 1810 τά
363 1742 456 1839 αῦτάς
488 1745 539 1810 καὶ
559 1751 590 1808 τί
602 1747 631 1826 ⁴)
654 1742 771 1827 μᾶλλον
796 1745 859 1806 τῶν
884 1739 1035 1837 ἀκινήτων
1055 1739 1077 1828 ἢ
1098 1745 1156 1806 τῶν

68 1861 254 1940 κινουμένων
275 1853 354 1920 εἶναι
374 1853 511 1935 λέγοντος
544 1848 600 1917 κάν
621 1849 710 1916 ἑαυτά
729 1850 781 1936 γάρ
801 1843 971 1944 μεταβάλη,
999 1845 1154 1937 μεταβάλ·

68 1967 155 2058 λεται
175 1953 272 2058 ῦμως·
302 1961 356 2026 οῦκ
377 1958 435 2047 ἀρα
458 1959 595 2042 ἀκίνητον
616 1957 653 2035 οῦς
675 1957 817 2043 ἀληθοῦς.
859 1967 915 2024 Δεῖ
935 1956 995 2043 ἀρα
1015 1955 1075 2042 πρά
1098 1965 1155 2024 τοῦ
1170 2008 1232 2063 Μ,

67 2066 269 2154 αὐτοκινήτου
289 2067 325 2132 τά
344 2067 500 2152 ἀκίνητον,
528 2063 545 2132 ἀ
565 2067 662 2133 πάλιν
685 2063 805 2153 τριττὸν
833 2063 868 2131 ἀν
893 2069 939 2151 εἴη
966 2064 1021 2152 τὴν
1047 2065 1155 2150 φάσιν·
1175 2076 1232 2132 ²⁰9·

67 2175 196 2244 δυ’νατιιι
216 2171 275 2261 γάρ
296 2175 435 2261 ἀκίνητον
456 2175 532 2242 εἶναι
553 2175 709 2251 παντελῶς
731 2174 895 2258 ὁνοῦς,ἡ
917 2172 985 2262 ζωὴ,
1007 2175 1027 2262 η
1051 2175 1155 2242 οῦοία·

68 2279 148 2370 αῦτη
169 2284 224 2367 μὲν
246 2282 286 2358 οἷς
305 2280 521 2372 ῦπεραιοίνιος,
556 2282 573 2349 ὁ
600 2283 634 2348 δὲ
663 2288 734 2356 νοῦς
753 2281 793 2358 ὥς
813 2282 954 2363 αἰώνιος,
988 2284 1008 2370 ἦ
1036 2284 1071 2351 δὲ
1096 2283 1156 2370 ζωή

71 2393 113 2468 ὡς
134 2379 217 2459 αῑοῦν
232 2385 339 2466 αῦτάς·
360 2388 381 2476 ἢ
401 2389 522 2474 άμεινον
542 2391 627 2470 ἴσως,
647 2387 683 2456 τά
706 2389 762 2474 μὲν
782 2385 909 2473 φάσκειν
927 2397 970 2466 εἰς
989 2390 1056 2476 είδη
1073 2417 1157 2478 περι-

69 2493 248 2583 γεγράφθαι
285 2499 337 2561 καὶ
367 2494 597 2581 διακεκρίσθαι,
637 2492 671 2562 τά
706 2495 740 2562 δὲ
769 2493 973 2582 ἀπερίγραφον
1000 2496 1078 2564 εἶναι
1109 2500 1160 2564 καὶ

69 2603 268 2700 ἀδιάκριτον,
301 2600 336 2668 τά
356 2602 390 2668 δὲ
416 2595 494 2669 οῦτω
514 2606 610 2688 μέσως
634 2607 722 2688 ἔχειν,
759 2605 800 2680 ὡς
819 2611 993 2690 ἐγείρεσθαι
1012 2607 1066 2691 μὲν
1085 2603 1160 2692 πρός

68 2740 103 2779 τε
125 2711 271 2795 διάκρισιν
291 2713 345 2776 καλ
364 2709 568 2798 περιγραφὴν,
600 2710 687 2777 οῦπω
707 2711 741 2777 δὲ
760 2717 792 2778 ἐν
812 2717 855 2799 τηῖ
873 2713 1088 2800 διακεκρίσθαι
1108 2718 1160 2778 καί

67 2819 317 2908 περιγεγράφθαι
340 2817 447 2896 τελέως
467 2821 606 2886 ἑστάναι·
641 2817 719 2906 δήλη
750 2819 783 2887 δὲ
810 2820 925 2888 τοάτων
949 2827 1002 2888 καὶ
1029 2823 1048 2906 ἡ
1069 2825 1161 2902 τάξις,

68 2935 159 2996 ἔσται
179 2927 212 2992 δὲ
232 2927 293 3015 πρὸ
313 2930 428 2994 τούτων
452 2931 505 2993 καὶ
533 2925 845 3014 ἀναπαρατεινάμενον
871 2934 949 2996 πᾶσι
976 2928 1010 2996 τά
1038 2936 1083 2996 ἕν·
1120 2927 1158 2996 οῦ

68 3034 127 3122 γάρ
148 3031 307 3101 mmdr‘1
284 3045 329 3102 Εν
348 3039 401 3102 καί
418 3033 586 3123 ηνωμένον·
607 3039 698 3102 τοῦτο
719 3032 777 3120 γάρ
795 3063 834 3123 ην
853 3063 888 3103 το
881 3033 1085 3122 ἀδιάκριτον.

159 3139 285 3208 Τοάτων
311 3144 344 3210 δὲ
376 3151 419 3219 εἰς
453 3148 604 3224 τοσοῦτον
634 3133 908 3229 ῦπομεμνησμένοίν
928 3145 1002 3228 θη
1036 3142 1159 3232 ζήτησις
1184 3167 1258 3248 cap,

68 3261 145 3334 ημιν
164 3255 341 3335 προκείσθω
363 3253 421 3316 τιῦν
449 3251 505 3334 ἀφ’
528 3257 656 3316 ἕκαστον
686 3254 788 3337 γένος,
821 3251 886 3316 οἷον
912 3251 1034 3318 πολλῶν
1061 3252 1159 3334 εἰδῶν,
1191 3271 1258 3312 ¹02·

68 3363 98 3423 εἰ
118 3359 172 3422 καί
191 3361 290 3424 ταῦτα
310 3356 386 3444 πράς
406 3368 471 3434 τοῖς
491 3369 606 3432 κοινοῖς
635 3356 800 3443 ἀναγκάσει
827 3384 873 3434 τις
898 3354 1002 3444 λόγος·
1036 3356 1160 3445 προδιο-

69 3469 192 3550 ριστέον
214 3463 248 3529 δὲ
267 3467 319 3530 καλ
338 3470 435 3535 ταῦτα
455 3461 531 3552 πρὸς
551 3461 673 3544 τούτοις
693 3471 873 3554 εἰρημένοις,
893 3475 932 3534 ἓν
952 3467 1033 3554 μὲν,
1054 3462 1103 3536 ιάτι
1121 3468 1159 3536 τά

66 3577 144 3659 μέρη
171 3573 217 3658 τῷ
245 3579 344 3660 οἰκείῳ
371 3567 433 3658 ’άλῳ
462 3573 719 3642 συνειδοποιεῖται
742 3578 793 3642 καί
826 3580 862 3669 τῇ
893 3579 952 3642 τοῦ
977 3567 1052 3642 άλου
1079 3582 1160 3664 ἐνερ-

67 3686 139 3764 γείᾳ
158 3681 211 3746 καί
231 3676 290 3766 τάν
317 3687 373 3749 τοῦ
398 3685 508 3767 μέρους
528 3670 803 3770 γαρακτηριστέω,
835 3683 900 3750 οἷον
919 3681 955 3749 τὸ
984 3684 1162 3764 δοξαστικὸν

139 3907 169 3974 5)
188 3907 291 3962 Μοω.υ
255 3930 313 3981 ,αφ
310 3909 541 3966 ’ἱαυτοῦκινμ-
559 3917 588 3978 4)
606 3917 650 3966 και
666 3916 720 3964 τί
710 3915 810 3986 γάρμ
828 3914 902 3968 Mon.
920 3929 946 3972 οι
962 3916 1161 3986 μιτιιβάλλοιιι

67 3976 152 4039 ῦλλως
169 3975 265 4029 Ηεπιλι,

92 4050 206 4136 ,ιγ’
194 4045 291 4099 Hamb.
308 4044 523 4133 ῦιιεμνιγσμίνων.
535 4051 610 4118 Mon.
628 4054 669 4110 τίς
686 4051 805 4121 ὁλόγος,
828 4065 855 4105 et
870 4051 1034 4106 inferiunt>
1052 4058 1100 4122 μὲν
1117 4053 1161 4108 καλ

68 4115 136 4170 αὐτὸ
154 4116 302 4170 ονῦιιιινον.
322 4120 370 4171 sic.
402 4119 523 4172 Idem
480 4141 539 4186 της
554 4133 613 4176 ante
631 4119 710 4186 ἄλλης
727 4124 770 4174 καὶ
787 4143 812 4174 ιι.
832 4139 885 4176 om·
