2770 4840
1078 299 1147 358 233

62 465 122 540 οὖν
142 479 175 541 έν
201 479 243 559 τῷ
273 476 448 544 Φαίδωνι
474 477 611 546 διδάσκει
631 479 748 562 ήμάςὸ
779 477 999 561 Σωκράτης.
1048 481 1090 542 Εἰ
1113 475 1148 546 δέ

60 583 114 647 καί
133 579 169 648 τό
191 580 327 650 αἰτιατόν
347 581 426 670 πρός
450 582 486 651 τό
507 587 606 652 αἴτιον
626 585 796 671 ἀντιδιέστη
824 584 903 650 κατὰ
923 581 979 669 τήν
1005 579 1146 668 πρόοδον,

60 691 113 754 καὶ
134 719 155 770 η
136 685 232 755 ’“δόο
252 694 373 827 γέγονεν
392 691 503 758 ἀνθ’
488 719 571 773 ενος,
590 721 610 776 η
634 689 669 758 τό
690 695 745 777 μέν
763 689 939 817 γνωστικόν,
960 718 995 756 το
984 689 1049 756 δέ
1069 717 1146 772 γνω·

61 791 151 874 οτόν,
172 792 207 862 τό
227 797 280 881 μὲν
299 797 351 880 ἀφ’
379 802 520 925 ἑκατέρου
541 805 585 876 εἰς
612 797 648 865 τό
672 806 773 884 ἕτερον
801 790 883 885 ήκειν
913 797 986 862 ουδε
1010 823 1062 862 επι
1089 801 1148 864 τῶν

61 901 219 985 ὁμολογῶν
249 917 393 991 συγχωρεῖ
417 905 433 970 ό
463 903 647 989 Σωκράτους
675 905 780 991 λόγος·
813 900 849 970 τό
883 903 971 970 δὲ
952 915 1064 988 αμφοῖν
1092 904 1146 987 ἀφ’
1163 933 1164 944 ·

60 1012 166 1091 ἑτέρου
188 1013 243 1076 τοῦ
262 1006 322 1096 πρό
341 1010 453 1095 ἀμφοῖν
472 1012 526 1076 οὐκ
548 1016 608 1099 ἔχει
626 1009 731 1098 λόγον,
760 1015 808 1096 ἐφ’
834 1004 878 1076 ὧν
897 1010 982 1077 οάδέν
1002 1015 1067 1078 ε’στι
1085 1007 1145 1096 πρό

62 1115 192 1199 ἀμφοῖν,
214 1115 266 1182 οἷα
284 1115 320 1184 τό
336 1123 453 1204 πρῶτον
481 1116 628 1203 γνωστόν,
655 1123 707 1184 καί
735 1114 770 1184 τό
795 1122 914 1206 πρῶτον
943 1115 1147 1203 γνωστικόνή

60 1218 95 1286 τό
116 1223 240 1306 πρῶτον
258 1227 369 1305 αἴτιον,
389 1229 440 1290 καί
461 1223 497 1291 τό
517 1230 638 1312 πρῶτον
666 1220 810 1294 αἰτιατόν.
854 1224 950 1293 Ἀλλοί
979 1224 1072 1309 δῆλον
1099 1218 1147 1290 ότι

62 1329 182 1410 πάντα,
204 1323 261 1398 όσα
282 1336 363 1398 έστίν
383 1338 415 1399 έν
434 1338 477 1418 τῷ
498 1339 640 1420 αἰτιατῷ,
660 1332 723 1400 οἷπό
745 1337 803 1400 τοιῖ
823 1339 922 1400 αἰτίου
933 1339 1147 1419 παραγίγνεται

63 1446 107 1524 τῷ
137 1445 264 1526 αἰτιατῷ
291 1440 362 1520 μετά
393 1447 447 1527 τῆς
460 1445 489 1518 ²)
516 1441 628 1521 οὐσίας.
681 1438 727 1508 Τό
747 1437 806 1529 γάρ
826 1439 963 1527 παράγον
982 1440 1148 1528 ἀφίστησιν

62 1553 176 1614 ἑαυτοῦ
200 1551 253 1613 καί
281 1548 423 1636 διακρίνει
451 1544 505 1633 ἀφ’
523 1549 648 1634 ἑαυτοῦ
674 1548 709 1616 τό
736 1551 956 1635 παραγόμενον·
983 1547 1059 1616 αὐτό
1087 1547 1147 1635 ἀρα

55 1656 167 1723 δίδωσι
189 1659 240 1722 καί
260 1659 359 1744 ἑαυτῷ
379 1661 429 1724 καί
450 1662 551 1744 ἐκείνη
571 1655 629 1744 τήν
649 1656 798 1745 διάκρισιν
805 1706 814 1738 ,
844 1652 923 1724 οὕτω
943 1655 1007 1794 γὰρ
1033 1659 1086 1722 καί
1111 1653 1145 1724 τό

60 1765 252 1893 ηαρόδειγμα
265 1764 341 1851 πρός
354 1765 455 1833 εἰκόνα
477 1766 685 1851 ἀφωμοέωται,
698 1760 748 1833 ότι
763 1763 840 1850 πρός
858 1764 950 1832 ἑαυτό
969 1763 1026 1854 τήν
1046 1761 1147 1830 εἰκόνα

59 1872 224 1955 ἀφομοιοῖ,
247 1875 297 1937 καί
319 1871 355 1938 τό
379 1868 500 1958 ὀρεκτόν
520 1870 677 1959 πρόκειται
704 1877 748 1959 τῷ
775 1873 931 1958 ἀρεκτικῷ
940 1875 992 1938 καί
1016 1871 1145 1936 ἀντίκει·

60 2009 126 2061 ται,
149 1974 200 2048 ότι
220 1979 314 2066 τούτῳ
335 1981 515 2060 ἀποστάντι,
546 1979 641 2067 όρεξιν
668 1979 744 2049 αάιό
769 1983 925 2048 ἓνέπνεοσε
949 2006 1006 2064 της
1034 1982 1145 2048 ἑαυτοῦ

61 2087 184 2168 τόξεως.
238 2083 340 2164 Οότως
371 2079 427 2154 οὖν
452 2090 473 2174 ή
507 2087 594 2157 σάσία
620 2088 788 2176 γεννήσασα
812 2087 866 2156 τόν
893 2091 985 2168 νοόν,
1011 2085 1146 2171 γνωστήν
1161 2105 1225 2165 pag

59 2193 175 2282 ἑαυτήν
194 2199 296 2282 ἐκείνῳ
318 2194 510 2282 προῦφηνεν,
535 2199 587 2264 καί
613 2203 786 2283 ένεποίησεν
809 2195 893 2281 αὐτῷ
914 2193 1043 2278 δύναμιν
1070 2220 1146 2280 γνω-
1169 2172 1226 2222 '²⁸¹’

61 2303 171 2390 στενήν
189 2309 311 2389 ἕαυτής,
333 2305 369 2370 οὗ
390 2305 514 2390 δυνάμει
539 2305 645 2390 μόνον,
672 2303 753 2379 ἀλλά
774 2307 824 2372 καί
843 2302 879 2370 τό
905 2307 1055 2389 ἐνεργείᾳ·
1079 2318 1146 2368 τοι-

62 2417 158 2481 οῦτον
179 2409 217 2478 τό
236 2413 385 2500 ὑπέρτερα
405 2425 470 2489 τοῖς
489 2414 731 2500 καταδεεστέροις
750 2407 902 2482 ἐνδίδωσι·
923 2415 975 2480 καί
996 2408 1052 2498 γόρ
1070 2401 1147 2478 οἱότω

60 2517 210 2606 γνωστόν,
231 2520 284 2596 ὡς,
299 2518 432 2606 γνοόσεως
459 2521 595 2608 πληροῦν
621 2519 656 2588 τό
684 2521 857 2606 γνωστικόν·
886 2512 938 2586 καί
965 2516 1023 2607 γάρ
1052 2513 1146 2596 οὕτως

62 2624 206 2716 ὀρεκτόν,
222 2623 271 2696 ότι
293 2627 432 2714 ἀνίστησι
445 2630 473 2709 3)
499 2625 575 2718 πρός
602 2628 694 2696 ἑαυτό
712 2623 747 2694 τό
779 2624 932 2714 ὀρεκτικόν
955 2629 1011 2722 καίΙ
1029 2626 1147 2712 πληροῖ

59 2736 176 2805 έοτίτοῧ
193 2731 231 2800 τό
250 2732 436 2821 ὀρεγόμενον.

147 2838 237 2912 -Οότοι
257 2846 309 2909 καί
329 2839 363 2909 τό
386 2838 496 2928 νοητόν
527 2839 786 2930 όἸόμβλιχσς
817 2840 967 2926 ἐκδέχεται
994 2837 1070 2926 πρός
1094 2838 1146 2905 τόν

59 2959 153 3034 νοῦν,
186 2951 257 3038 ήτοι
285 2948 336 3017 τόν
372 2956 447 3017 νοῦν
476 2953 587 3018 ἑαυτοῦ
613 2947 808 3037 πεπλήρωκεν
839 2951 892 3035 τῆς
916 2945 1058 3031 νοήσεως.
1079 2945 1146 3014 ,οὖν

59 3059 177 3146 ἀρατό
198 3055 337 3126 αἰτιατόν
357 3058 415 3150 δρᾷ
437 3063 482 3126 ἔτι
505 3064 547 3133 εἰς
567 3055 603 3124 τό
624 3059 740 3139 αἴτιον,
767 3053 847 3124 ἀλλά
869 3055 903 3122 τό
923 3057 1021 3122 αἴτιον
1049 3054 1093 3130 εἰς
1114 3079 1146 3118 τε

61 3167 155 3238 ἑαυτό
176 3173 227 3236 καί
247 3166 284 3235 τό
305 3164 455 3234 αἰτιατόν·
482 3157 547 3252 ἅμα
574 3161 633 3252 γάρ
660 3167 711 3232 καί
729 3195 765 3260 τη
789 3165 880 3248 οὐσίᾳ
900 3165 951 3229 καὶ
971 3158 1026 3247 τήν
1048 3165 1147 3249 σχέσιν

62 3274 252 3363 συμπαρόγει
280 3281 336 3360 τῆς
363 3275 648 3360 ἀντιπαραθέσεως,
679 3273 731 3340 καί
761 3277 787 3338 εἰ
811 3269 875 3338 οἷόν
902 3297 936 3336 τε
967 3267 1060 3352 φάναι
1088 3267 1147 3356 πρό

60 3392 121 3454 τοῦ
141 3391 268 3471 ποιῆσαι
288 3383 324 3450 τό
345 3385 551 3469 παραγόμενον
570 3382 621 3446 καί
641 3376 677 3446 τό
704 3379 838 3446 αἰτιατόν
858 3381 910 3444 καί
929 3376 964 3446 τό
996 3375 1151 3462 ὀρεκτικόν

60 3494 114 3560 καί
135 3490 171 3558 τό
193 3489 353 3579 γνωστικόν
373 3485 464 3557 ἑαυτό
484 3499 626 3574 προποιεῖ
650 3484 782 3573 γνωστόν
809 3513 842 3553 τε
865 3489 917 3552 καὶ
945 3481 1068 3572 ὀρεκτόν
1094 3486 1147 3550 καί

61 3601 162 3667 αἴτιον
182 3600 233 3664 καί
252 3593 403 3682 παρόγον.
448 3597 548 3660 Τοῦτο
569 3595 623 3680 μέν
645 3585 699 3661 οὖν
721 3594 776 3660 οὐκ
797 3590 835 3659 ἀν
854 3596 916 3680 έχοι
935 3591 1042 3669 ἄλλως.

148 3704 195 3774 Τό
215 3707 248 3773 δέ
276 3703 410 3793 όγδοον
439 3701 502 3770 ἀπό
529 3705 584 3789 τῆς
610 3701 701 3790 ἀρχῆς
728 3704 797 3768 τῶν1
815 3703 999 3788 ἐζητημένον
1025 3699 1149 3772 ἀπαιτεῖ

65 3815 131 3900 τήν
150 3821 275 3902 χρείαν
295 3815 362 3896 τῆς
383 3810 549 3896 γνώσεως
577 3800 709 3896 ήντινα
734 3812 934 3895 παρέχεται
960 3806 1149 3891 ἀφέλειαν

134 3997 162 4060 κ)
184 3996 260 4048 Μοσ.
284 3985 350 4064 μετὰ
371 3995 417 4060 τῆς
443 3991 503 4059 ὅλης
527 3989 623 4051 οὐσίας.
664 3989 781 4043 Inferius
806 3987 946 4041 ἀνέπνευσε.
966 4015 1001 4028 -
1017 3987 1049 4056 ³)
1073 3987 1148 4042 Mon.

63 4117 205 4250 σηιήητησι.
240 4110 342 4165 Deinde
360 4109 376 4178 ἢ
393 4131 420 4162 τι
427 4135 437 4172 ,·
456 4109 528 4181 quod
547 4110 645 4164 Humb.
667 4108 707 4162 εἰσ
724 4107 741 4173 ἤ
758 4078 793 4161 δέ.
835 4106 935 4160 Postea
959 4111 1002 4162 καὶ
1014 4083 1017 4090 ¹
1029 4121 1090 4164 ante
1115 4114 1147 4182 τῇ

65 4202 112 4239 ova
158 4201 212 4238 om.
