2824 4838
249 292 295 373 36

249 491 301 554 ναὶ
321 493 398 572 μέσα
419 490 471 554 ναὶ
491 487 669 568 τελευταῖα,·
696 487 735 554 τὰ
761 490 795 557 δὲ
822 498 908 578 χείρω
938 487 1128 576 πληρώματα
1155 492 1255 561 δεῖται
1282 499 1341 562 τῶν

249 591 445 678 κρειττόνων,
466 598 517 660 καὶ
538 592 580 662 τιν’-
597 602 719 680 κρείττω
739 583 799 664 eoin
819 594 974 685 χειρόνων,
994 600 1046 665 καὶ
1066 595 1102 664 τὸ
1122 593 1194 666 ὅλον
1214 606 1273 666 τῶν
1288 629 1343 686 με-

250 705 330 785 ροῖν·
352 700 390 768 τὰ
411 699 468 787 γὰρ
489 700 567 789 πρὸς
588 700 708 788 ἄλληλα
727 702 825 770 δεῖται
845 703 996 782 cillenii-mr
1022 706 1072 770 καὶ
1099 703 1137 770 rit
1155 712 1262 791 πρῶτα
1282 713 1343 776 τῶν

251 811 447 898 τελευταίων,
474 807 527 876 δαὶ
553 804 612 893 τὴν
642 806 743 894 αὐτὴν
771 816 885 878 αἰτίαν·
914 810 1047 886 ciebo
1074 809 1128 898 γὰρ
1154 819 1231 880 καθ’
1252 816 1345 882 ἑαυτὸ

251 921 387 1002 πρῶτον·
408 912 487 982 ἄλλα
509 912 568 1003 μὴν
588 919 640 982 ναὶ
660 912 695 982 τὸ
715 925 748 983 ἓν
768 921 835 1011 τῶνΙ
848 919 978 1013 πολλῶνΔ
994 918 1126 1000 ἒπαλεὲς,
1146 913 1194 986 ‘dte
1209 926 1245 988 te
1264 924 1345 990 πολ·

252 1025 317 1102 λοῖς
341 1029 401 1110 ἔχει
421 1022 456 1090 τὸ
476 1023 569 1102 ellae,
588 1022 611 1106 ἢ
631 1029 691 1089 τοῖιν
711 1024 834 1092 πολλῶν
854 1029 921 1092 ἔστι
938 1023 1110 1114 συναγωγὸν
1131 1034 1220 1094 τοῦτο
1242 1031 1279 1097 τὸ
1302 1040 1344 1111 ἓν,

253 1135 304 1200 καὶ
325 1133 367 1212 οὐ,
382 1136 459 1198 καθ’
480 1129 587 1211 ἑαυτὸ,
619 1129 699 1198 ἀλλὰ
725 1131 784 1200 συν
810 1137 948 1210 ἐκείνοις·
977 1133 1058 1201 πολύ
1086 1133 1143 1220 ἄρα
1171 1140 1222 1202 καὶ
1245 1142 1279 1220 ἐν
1306 1144 1345 1232 τῇ

255 1240 328 1334 ἀργῇ
349 1239 442 1336 ταύτῃ
464 1236 498 1304 td
519 1237 632 1318 ἐνδεὲς,
661 1241 728 1306 ἐπεὶ
748 1242 800 1305 καὶ
821 1241 861 1317 ὥς
880 1245 991 1326 γεννῶν
1012 1246 1044 1307 ἒν
1064 1244 1162 1327 ἑαυτῷ
1188 1241 1228 1308 τὰ
1247 1251 1345 1312 οἰκεῖα

251 1343 439 1433 πληρώματα
460 1347 477 1412 ὃ
498 1349 588 1426 νοῦς,
615 1349 649 1424 ἐξ
671 1339 712 1412 ὧν
733 1347 749 1412 ὃ
770 1346 890 1431 σύμπας
912 1348 989 1431 ὁμοῦ
1009 1350 1253 1435 συμπληροῦται,
1276 1357 1345 1418 ἐπι-

253 1453 323 1537 δεὴς
343 1452 381 1520 ἂν
402 1456 449 1540 εἴη
470 1450 566 1528 αὐτὸς
586 1457 715 1529 ἑαυτοῦ,
742 1454 779 1521 οὐ
798 1456 888 1538 μόνον
912 1455 927 1520 ὃ
954 1459 1131 1540 γεννώμενος
1152 1461 1251 1532 τοῦθ
1278 1485 1346 1544 γεν-

254 1569 382 1639 νῶντος,
405 1559 484 1628 ἀλλὰ
505 1564 558 1626 καὶ
578 1561 594 1627 ὃ
618 1566 725 1646 γεννῶν
744 1566 801 1628 τοῦ
819 1567 1015 1648 γεννωμένου,
1038 1562 1116 1648 πρὸς
1136 1563 1194 1649 τὴν
1214 1571 1269 1634 τοῦ
1282 1593 1347 1652 γον-

255 1676 367 1748 νῶντος
389 1662 501 1735 ἑαυτου
523 1661 597 1733 ὅλου
619 1661 691 1734 ill-ou
712 1664 937 1754 συμπλήρωσιν.

324 1827 353 1884 5)
372 1820 471 1876 llamb.
491 1820 550 1874 etot
567 1842 591 1891 γ.
610 1823 683 1896 Mon.
702 1823 730 1874 in
748 1841 832 1895 marg.
851 1824 885 1885 ὥς
903 1823 963 1878 οὐδὲ
984 1825 1073 1887 bonite
1089 1825 1105 1893 ἡ
1124 1827 1212 1898 πρώτη
1232 1827 1306 1899 ἆργή.

214 1939 217 1953 ,
249 1928 252 1936 1
325 1896 355 1960 6)
375 1895 451 1946 Mon.
470 1894 561 1945 τοῦτο
578 1913 603 1963 γ.
629 1922 662 1932 -
685 1892 722 1945 Su
743 1912 772 1944 er
795 1894 981 1948 irrationalem
1006 1897 1119 1948 animam
1142 1909 1182 1950 eet
1204 1899 1345 1952 rationalie

256 1962 406 2019 substantia
422 1961 524 2026 animi,
542 1976 624 2031 ponet
643 1978 671 2014 te
689 1910 828 2030 habitant,
854 1964 880 2015 in
899 1981 927 2016 ee
947 1966 1044 2018 reflexa
1062 1977 1088 2018 et
1105 1983 1256 2034 conversa,
1285 1987 1346 2042 quoe

256 2034 380 2090 actiones
398 2029 531 2104 gubernet
549 2043 575 2083 et
592 2042 675 2102 regat.
708 2030 829 2083 Proinde
848 2034 1011 2103 reparabilia
1032 2047 1070 2087 eet
1083 2047 1109 2086 et
1126 2035 1226 2089 nulline
1243 2037 1283 2090 rei
1302 2037 1344 2089 in-

257 2105 335 2175 diga,
358 2101 536 2220 omniumque·
547 2117 636 2180 rerum
651 2100 790 2220 princepe.
812 2099 865 2152 Sed
877 2120 937 2155 cnm
950 2120 1003 2156 non
1018 2120 1108 2156 omnen
1120 2103 1200 2158 simul
1215 2105 1287 2160 vireo
1299 2123 1344 2158 ex·
1398 2126 1409 2134 .,

258 2183 377 2245 promat,
397 2186 450 2221 nmo
463 2187 480 2240 p
496 2185 588 2220 urtmla
602 2187 740 2239 sempernn
762 2181 841 2240 ignat,
856 2188 915 2223 cum
927 2189 990 2240 auae¹
999 2173 1070 2224 vireo
1079 2173 1197 2226 remittat
1210 2187 1236 2227 et
1246 2186 1344 2241 cesset,

255 2243 439 2314 principatum
458 2255 513 2291 non
532 2236 677 2292 obtinebit.
706 2239 806 2290 Verum
824 2241 963 2293 rationalit
988 2241 1152 2307 substantio,
1181 2242 1280 2296 dixerit
1298 2245 1347 2296 ali—

258 2312 341 2383 quit,
360 2326 421 2361 cum
441 2319 535 2360 aeterna
552 2318 579 2358 et
596 2325 651 2360 non
667 2306 761 2378 indiga
779 2308 876 2374 clueat,
896 2327 956 2362 cum
974 2326 1022 2363 aua
1040 2322 1138 2381 sponte
1157 2324 1298 2366 moveatur
1317 2325 1346 2365 et

258 2381 346 2443 vivat,
363 2375 535 2460 proindeque
553 2375 707 2431 substantiae
725 2393 777 2429 aua
795 2376 951 2445 insinuatio,
979 2380 1058 2451 eique
1077 2397 1182 2452 temper
1199 2381 1345 2434 comitibus

256 2463 441 2516 coneonreque
469 2457 495 2498 et
522 2463 576 2498 nun
597 2462 657 2498 uam
679 2445 846 2499 cessantibus
869 2447 1022 2500 actionibus
1046 2461 1150 2516 utatur,
1180 2449 1348 2522 principium

257 2537 317 2572 eaeo
335 2517 451 2568 videtur.
482 2513 564 2584 Quod
607 2515 740 2568 amaecine
757 2513 839 2568 solvit
856 2516 965 2570 dicent:
989 2518 1100 2570 Animua
1120 2537 1171 2590 per
1189 2531 1271 2573 totum
1291 2536 1347 2571 nna

256 2586 342 2641 facien
359 2601 465 2655 unaque
482 2583 523 2635 vit
541 2594 568 2634 et
586 2594 683 2637 natura
700 2593 757 2649 est,
775 2583 875 2653 partim
896 2586 1002 2657 indiga,
1029 2587 1126 2658 partim
1145 2605 1237 2641 secut:
1266 2587 1347 2640 Prin-

258 2657 283 2710 ci
303 2656 359 2708 ium
376 2655 484 2736 penitus
502 2669 558 2705 non
575 2653 689 2724 indiget.
714 2653 792 2724 Ergo
811 2655 927 2721 animat,
948 2655 996 2726 qu'i
1014 2658 1146 2710 variantes
1164 2669 1348 2728 mutantetque

259 2675 469 2787 adiectiones,
493 2730 608 2774 non‘eet
624 2738 754 2773 eutmmum
771 2723 946 2794 principium.
968 2754 999 2764 -
1019 2725 1191 2796 Proponatur
1208 2726 1281 2780 alind
1300 2742 1348 2778 au-

256 2795 349 2866 periua
368 2792 542 2864 principium,
562 2791 640 2857 cujus
659 2791 816 2861 neutiquam
834 2810 883 2846 nec
902 2793 1050 2848 oubataotia
1067 2813 1115 2848 nec
1134 2797 1188 2848 vita
1209 2809 1234 2848 et
1253 2796 1347 2866 cogni-

255 2865 315 2930 tio,
336 2880 384 2916 nee
404 2861 473 2914 vireo
493 2877 581 2934 neque
599 2860 720 2913 actiones
744 2872 858 2930 mutent,
882 2863 976 2933 quelle¹
992 2865 1061 2918 mmo
1082 2882 1159 2916 mene
1175 2865 1348 2935 predicatur,

257 2951 317 3005 qne
335 2949 425 2984 omnes
449 2929 546 3000 copiae
570 2927 730 3000 divitiaeque
754 2944 816 2982 tuae
839 2931 868 2983 in
893 2949 920 2984 ee
940 2933 1143 3003 complectitur.
1174 2936 1252 3002 cujus
1278 2933 1349 2986 nihil

277 3001 406 3072 uidqnam
424 3015 532 3052 tuarum
549 3015 640 3050 rerum
659 3016 691 3049 ne
731 2998 901 3068 eadditione
920 3019 1006 3074 neque
1030 3002 1192 3057 detractione
1217 3014 1346 3057 mutatur.

256 3022 293 3123 dt
313 3069 368 3124 haec
387 3087 497 3140 quoque
514 3083 597 3118 unum
615 3079 642 3119 et
659 3085 703 3120 mu
716 3079 742 3120 ta
759 3067 833 3120 cluet
849 3081 900 3122 etc.
923 3088 987 3142 ergo
1016 3071 1043 3122 io
1066 3073 1120 3125 hoc
1139 3089 1248 3152 quoque
1267 3071 1346 3142 prin·

258 3140 334 3212 cipio
354 3139 472 3210 plurima
488 3148 582 3208 regnat
598 3147 716 3206 egestae,
744 3137 963 3209 quandoquidem
985 3140 1079 3206 Mene,
1104 3153 1155 3194 etei
1179 3141 1206 3192 in
1230 3159 1258 3194 ee
1281 3158 1347 3196 suaa

257 3210 354 3278 copiae
374 3208 539 3276 virtutesque
557 3203 734 3286 progignere,
752 3224 767 3257 e
784 3205 885 3276 quibua
906 3209 966 3278 ipae
984 3222 1037 3262 tota
1054 3211 1133 3264 timul
1151 3210 1306 3281 completur
1320 3222 1347 3264 et

257 3277 425 3342 absolvitur,
446 3275 507 3345 ipsa
525 3291 567 3326 eut
585 3273 672 3344 ipsius
689 3273 809 3345 indiget;
837 3293 890 3328 non
916 3276 997 3331 modo
1022 3295 1053 3332 ea
1071 3297 1159 3346 mene,
1180 3297 1238 3350 quae
1257 3279 1348 3351 gigni-

256 3360 303 3400 tur
320 3345 461 3419 genitricis
481 3343 589 3410 mentio,
608 3342 656 3394 sed
673 3359 768 3395 rorans
784 3345 900 3415 genitrix
917 3347 1008 3417 genitae
1024 3347 1145 3420 indiget,
1172 3361 1204 3401 ut
1228 3347 1347 3420 genitrix

256 3433 331 3468 mene
350 3429 427 3480 tota,
450 3422 477 3466 et
500 3413 587 3483 ipeam
607 3423 687 3464 totam
705 3411 873 3484 solidamque
891 3416 1027 3486 compleat
1045 3428 1071 3470 et
1090 3429 1264 3471 consummet.
1300 3416 1347 3468 ln-

256 3501 341 3556 euper
357 3501 429 3536 mene
450 3494 476 3535 et
493 3480 708 3535 comminiscitur
724 3493 751 3534 et
768 3485 988 3538 commentatione
1000 3485 1161 3558 percipitur.
1182 3485 1349 3557 (lntelligem

254 3555 294 3609 tia
314 3564 340 3606 et
357 3551 485 3625 intelligit
502 3563 528 3603 et
547 3550 738 3621 intelligitur),
768 3551 951 3624 intelligibilia
978 3565 1003 3606 et
1026 3555 1218 3610 intellectualia
1246 3555 1347 3624 auique

256 3625 267 3676 i
290 3623 347 3674 aitte
365 3621 416 3674 tibi
438 3641 470 3674 ue
489 3619 542 3690 ἱροὶ
568 3619 718 3691 intelligens
742 3633 796 3672 eet:
822 3632 903 3692 atquc
930 3641 962 3674 ex
978 3635 1039 3676 utro
1062 3643 1095 3678 ue
1117 3623 1300 3696 (lntelligibili
1320 3637 1348 3678 et

200 3751 203 3757 ¹
257 3641 439 3765 llltelligentel
464 3691 538 3742 llle'ne
562 3701 678 3743 constat.
710 3688 770 3742 Jam
799 3705 865 3742 vero
886 3643 1069 3745 Intellectuele
1094 3692 1280 3766 lntelligibili,
1298 3705 1346 3745 ut·

257 3774 322 3844 pote
345 3777 394 3815 ouo
423 3759 546 3829 pabulo,
581 3758 658 3842 quod
681 3759 798 3829 appetit,
827 3759 943 3831 itemque
969 3760 1143 3834 Intelliglbile
1171 3761 1349 3834 Intellectuali

255 3829 371 3902 indiget,
398 3829 463 3901 quia
485 3827 598 3900 intelligi
625 3839 707 3896 avet,
730 3829 850 3894 junctum
875 3828 990 3911 denique
1014 3844 1041 3885 et
1066 3831 1249 3884 combinatum
1266 3843 1347 3884 utro-

257 3898 327 3952 libet
343 3897 458 3972 indiget.
485 3896 611 4018 quantia
636 3896 741 3948 ubicun
780 3916 794 3948 e
820 3897 1024 3972 indigenttuxet
1049 3901 1182 3971 appetitui
1210 3901 1348 3954 assecutio

255 3983 349 4022 rerum
367 3986 425 4040 quen
443 3987 474 4020 ex
507 3978 581 4032 eant,
608 3964 662 4018 levi
686 3981 736 4036 par
773 3966 816 4018 ilie
846 3977 873 4019 et
896 3967 1023 4035 adjuncta
1052 3981 1108 4036 eet,
1133 3971 1203 4024 eicnt
1230 3969 1349 4024 materiae

256 4037 342 4091 faciet
360 4049 386 4090 et
403 3984 535 4091 munditia
552 4035 642 4102 adeat,
663 4051 753 4086 verum
772 4047 859 4088 tamen
877 4036 904 4088 in
922 4037 983 4108 ipae
1001 4040 1096 4091 mentio
1115 4037 1173 4091 eive
1192 4037 1348 4111 Intelligen-

256 4107 315 4171 tia‚
344 4117 440 4159 natura
466 4117 493 4157 et
520 4103 638 4157 essentia
663 4101 741 4155 eimul
759 4103 844 4158 innita
870 4116 954 4160 enatat
975 4108 1142 4183 indigentia,
1169 4120 1199 4163 ut
1214 4108 1347 4182 princepe

257 4175 336 4250 origo
357 4190 415 4232 otte
434 4185 558 4245 nequeat
