2798 4834
274 278 346 358 τοο

174 485 272 564 eaps
360 473 407 542 Τό
434 476 467 542 δὲ
495 478 552 544 νόν
574 481 600 554 ¹>
623 479 655 542 ἐκ
684 457 803 544 πόντων
830 479 1033 565 συναγόμενον
1062 485 1116 548 καί·
1142 487 1205 569 περί
1231 481 1330 548 πόντων

196 569 246 648 98·
271 579 433 667 λεγόμενον
453 578 550 648 ἐκεῖνό
570 584 667 662 ἐστιν,
700 577 746 649 ότι
776 573 856 648 όπου
882 585 1010 670 πλῆθος
1030 586 1191 652 ὁποιονοῦν
1210 589 1273 653 είοω
1290 613 1333 651 πε-

191 722 253 779 pag.
273 691 401 775 ριόχεται
426 693 482 755 τοῦ
506 693 618 753 οἰκείου
643 686 708 764 ἑνός
733 691 863 769 ἐκείνου,
899 693 950 756 καί
980 695 1038 770 ἔξω
1066 695 1204 775 γεννᾶται
1230 692 1334 776 πλῆθος

195 794 250 847 ¹99·
273 801 399 875 οἰκεῖον,
421 795 487 862 οἶον,
506 792 639 880 ἀριθμός
660 821 705 870 τις
726 795 787 861 ιίπδ
807 799 863 880 τῆς
885 803 996 874 οἰκείας
1013 795 1145 882 μονόδος
1160 797 1334 884 ἐκφυόμενος·

273 903 321 969 δεῖ
342 901 399 989 γὰρ
419 902 498 968 εἶναι
519 907 674 986 πανταχοῦ
696 901 730 967 τὸ
749 911 781 968 ἓν
802 902 933 989 γόνιμον,
953 911 986 970 ἓν
1005 904 1039 970 δὲ
1062 902 1096 970 όν
1114 910 1164 972 καί
1185 905 1277 974 πολλὰ
1294 929 1335 970 πε-

274 1014 372 1095 ριέχον
392 1008 458 1084 ἑνός
478 1037 512 1076 τε
534 1011 611 1076 εἶναι
632 1014 682 1075 καί
704 1010 828 1077 πολλῶν
848 1014 1028 1096 γεννητικόν.

346 1132 420 1226 Ἄρει
441 1133 495 1207 οὗν
516 1138 554 1206 τό
575 1137 675 1207 πολλὰ
694 1141 800 1217 ἁπλῶς
828 1142 891 1229 οόχί
916 1138 955 1207 τό
982 1141 1082 1209 πολλοὶ
1103 1142 1188 1228 εἴδη,
1220 1141 1287 1207 οὐδὲ
1310 1141 1337 1204 τὰ

273 1247 372 1315 πολίωί
393 1253 485 1338 μέρη,
518 1247 589 1313 οὐδὲ
619 1245 657 1312 τύ
677 1247 778 1314 πολλὰ
798 1259 947 1333 στοιχείας
968 1245 1032 1315 ἀλλ’
1054 1248 1148 1328 αὐτό,
1188 1239 1263 1332 ύπερ
1280 1250 1337 1324 ἰσιί,

273 1355 373 1424 πολλὰ
386 1355 478 1439 μόνον
497 1358 549 1420 καί
568 1351 667 1422 πολλὰ
680 1355 799 1439 ‹inl-619,-
823 1352 844 1420 ἃ
861 1350 1046 1442 πρεςβύτερα
1059 1355 1268 1442 ιἰπεδείκνυμεν
1279 1355 1338 1438 πρό-

274 1489 360 1549 τερον
381 1470 439 1530 τῶν
458 1462 560 1530 ἄλλων
579 1463 721 1547 πολλόινς
750 1454 812 1550 ἆρα
840 1454 895 1558 οὖν
923 1467 974 1529 καί
1000 1469 1098 1530 ε’κεῒνα
1122 1478 1223 1531 ποιεῖν
1249 1461 1281 1530 τό
1298 1467 1339 1540 ἔξω

273 1573 401 1657 πλῆθος
421 1567 570 1658 όνόλογον·
588 1577 725 1657 ἕαυτοίςς
751 1577 779 1638 εἰ
800 1570 833 1637 δὲ
854 1575 887 1637 όν
906 1571 952 1657 τηῖ
971 1571 1074 1658 νοητηῖ
1091 1575 1210 1655 ἐκεῖνα,
1231 1577 1278 1639 καί
1296 1574 1340 1637 τιό

273 1686 384 1769 νοητοῦ
404 1684 487 1746 ἰίτται
507 1707 553 1756 τις
573 1678 723 1765 πρόοδος·
744 1682 833 1746 τοῦτο
855 1677 888 1745 δὲ
910 1669 957 1762 ἦν,
979 1669 1053 1762 όπερ
1074 1684 1106 1759 ἐξ
1126 1681 1221 1767 ἀρχῆς
1239 1680 1339 1766 ἐζητοῦ-

274 1813 345 1874 μεν,
374 1791 402 1854 εἰ
422 1788 604 1872 διακρίνεται
624 1790 683 1854 τοῦ
704 1787 856 1873 ἡνωμένον
870 1792 899 1861 2)
928 1792 970 1862 εἰς
990 1784 1047 1872 τόν
1066 1786 1117 1871 ἀφ’
1137 1789 1254 1854 ἑαυτοῦ
1270 1789 1340 1873 πρόο

274 1896 328 1962 δον
335 1926 347 1978 ,·
369 1899 421 1962 καί
441 1902 485 1970 τίς
506 1892 542 1958 όίν
564 1897 610 1980 εἴη
633 1891 780 1978 διάκρισις
800 1899 855 1960 τοῦ
876 1893 953 1960 κατοί
976 1899 1083 1960 ἕνωσιν
1102 1900 1207 1963 πᾶσαν
1228 1893 1340 1962 τὸεῖναι

236 2047 241 2057 ·
273 1998 436 2088 λαχόντοςς
471 1999 518 2070 Οό
541 1998 596 2086 γὰρ
618 1997 721 2066 πολλὰ
741 1997 779 2066 τό
800 2005 832 2067 δν
853 2000 935 2086 αὐτῷ
957 1992 1071 2082 ούτως,
1104 2003 1143 2078 ὡς
1165 2003 1341 2086 ὃπωςδηποτε

274 2111 458 2196 διαφέροντα
480 2107 632 2193 ἀλλήλων·
654 2105 738 2174 ούπω
760 2105 817 2194 γὰρ
836 2111 975 2196 ἑτερότης
996 2113 1027 2174 ἐν
1047 2092 1186 2190 ε’κείνοις,
1208 2111 1274 2177 οἰδὲ
1289 2109 1341 2174 δια·

277 2216 359 2307 ηορό
379 2245 444 2299 τις,
473 2216 544 2283 οὐδὲ
565 2217 705 2293 όστιςοόν
726 2214 889 2302 διορισμός.
930 2215 1030 2303 Δηλοί
1048 2216 1080 2282 δὲ
1102 2221 1153 2282 καί
1177 2220 1194 2284 ὃ
1214 2229 1342 2300 Παρμε-
1381 2275 1382 2286 ι

273 2327 334 2394 νίδ
340 2353 381 2412 ης
403 2327 562 2411 ὁμοιομερῆ
582 2321 639 2408 τὴν
662 2324 812 2391 δοκοῦσαν
834 2324 981 2411 διαίρεσιν
1001 2321 1209 2410 ποιησόμενος
1236 2329 1284 2392 καί
1302 2320 1344 2407 τόν
1381 2341 1382 2368 ³

273 2431 436 2521 ἑτερότητα
456 2431 515 2518 την
535 2432 654 2519 πρώτην
676 2434 830 2518 κατωτέρω
851 2430 1049 2517 παραγαγών,
1080 2435 1130 2498 καί
1150 2430 1206 2500 τόν
1226 2429 1343 2518 ἆριδμόν

273 2541 328 2609 τὸν
349 2545 470 2627 πρῶτον
489 2535 566 2625 μετοί
585 2539 640 2624 τῆς
659 2541 833 2626 ἑτερότητος
852 2537 964 2625 ταύτης
992 2541 1043 2605 καί
1068 2537 1121 2605 διὰ
1145 2539 1259 2623 ταύτης
1283 2539 1343 2604 όπι-

271 2644 458 2735 στησάμενος
472 2651 518 2723 3)·
554 2642 693 2722 εἰκότως·
732 2635 811 2711 όπου
840 2640 896 2730 γιὶρ
925 2643 1076 2731 ἑτερότης,
1109 2651 1173 2714 ε’κεί
1191 2645 1342 2730 διορισμός·

273 2751 353 2824 όπου
375 2755 409 2821 δὲ
432 2748 538 2832 οὗτος,
571 2751 636 2836 ούχί
657 2753 673 2817 ὁ
695 2752 858 2830 εἰδητικός·
888 2751 961 2817 οὐδὲ
981 2751 1038 2840 γύρ
1060 2754 1076 2818 ό
1099 2752 1261 2842 διορισμός
1279 2751 1344 2834 εἰδη·
1380 2735 1381 2744 ¹

273 2972 345 3038 οὐδέ
365 2976 447 3037 ἐστιν
467 2974 528 3036 ἐκεῖ
548 2965 602 3034 σόν
623 2966 698 3060 αὐτῇ
720 2965 884 3050 ταυτότης,
915 2967 982 3032 ἀλλ’
1004 2967 1075 3034 οὐδὲ
1104 2960 1123 3058 ᾗ
1145 2965 1186 3034 τό
1207 2974 1281 3054 μέρη
1301 2963 1345 3030 αἰ-

270 3079 372 3163 λήλων
392 3085 478 3160 ἕτερα
505 3081 639 3164 γέγονεν,
678 3074 745 3140 ἀλλ’
774 3067 793 3169 ᾗ
820 3071 858 3140 τό
879 3087 1010 3160 στοιχεῖα
1031 3075 1119 3158 διέφυ
1140 3081 1195 3144 καί
1218 3068 1346 3152 ὃπωςοῦν,

272 3190 324 3253 καί
344 3190 446 3272 γέγονε
467 3183 584 3263 πολλιί,
606 3182 663 3270 σύγ
684 3181 802 3262 όπίὧς,
826 3179 908 3248 οἰλλιί
929 3183 1031 3250 τοιοίδε
1038 3233 1047 3264 ,
1083 3185 1148 3249 οἷον
1166 3185 1270 3253 πολλὰ
1287 3209 1344 3248 παι-

272 3292 402 3361 δεύοντα
423 3289 498 3377 πρὸς
519 3289 575 3376 την
595 3289 735 3372 ἀλλήλων
754 3285 936 3376 σύγκρασιν·
971 3288 1005 3355 τό
1033 3289 1067 3355 δὲ
1093 3288 1213 3378 τοιόνδε
1232 3285 1347 3373 διαφορό

273 3426 334 3480 τις·
357 3381 532 3468 ’όδενκατύ
553 3395 608 3483 τήν
628 3395 778 3484 διοιγορόν
805 3401 866 3463 τῶν
889 3405 1041 3483 στοιχείων
1072 3395 1127 3482 τήν
1152 3402 1228 3467 είσω
1258 3421 1344 3483 συγιε·

272 3513 422 3595 κραμένην
442 3509 461 3594 ἡ
484 3511 541 3586 ἐξω
560 3505 663 3591 διέστη
686 3509 744 3571 τόιν
763 3502 890 3572 πολίων
917 3504 1026 3573 οὐσιῶν
1052 3511 1240 3594 γεννηθείσοι
1266 3502 1345 3589 πρόο-

271 3618 341 3697 δος,
372 3623 400 3683 εἰ
424 3618 474 3681 καί
496 3613 590 3700 πόθῳ
610 3617 667 3698 τῆς
689 3612 814 3698 όρχαίας
834 3611 954 3696 φύσεως
972 3615 1024 3679 καί
1048 3619 1082 3680 αἰ
1108 3613 1225 3680 πολλοὶ
1249 3610 1345 3700 προεί-

272 3728 393 3790 δοῦσαι
424 3723 526 3789 οὐσίαι
555 3717 720 3788 σπεύδουσι
744 3716 819 3807 πρός
847 3718 902 3805 τὴν
929 3719 1069 3812 ἀλλήλων
1088 3720 1219 3808 ὁμογενῆ
1239 3725 1345 3806 σύγκρι-

343 3978 370 4042 ι)
387 3975 461 4030 Mon.
481 3973 526 4030 οἰκ
545 3975 615 4028 etin
634 3989 716 4060 ωιτη,
735 3975 788 4026 νῦν.
805 3973 834 4025 in
852 3973 949 4030 eodem
967 3991 1048 4031 νοσε.
1069 3977 1115 4044 καί,
1124 3943 1183 4047 περὶ
1200 3994 1229 4028 π.
1247 3972 1344 4060 ίμγίμι-

273 4067 317 4099 νον
335 4047 440 4099 δεεσσε,
470 4075 505 4088 -
539 4051 566 4109 τ)
585 4045 661 4097 Mon.
680 4041 872 4112 τοτ’γνυμίνον,
902 4061 928 4096 ετ
952 4042 1034 4098 αὐτοῦ
1057 4045 1132 4116 quod
1159 4056 1296 4116 ροεεετιοι
1317 4039 1345 4092 ιδ

273 4133 356 4187 marg.
379 4117 406 4166 iu
426 4116 517 4168 ίιιοτοῦ
535 4131 607 4171 corr.
626 4141 660 4154 -
686 4111 715 4176 ὅ)
734 4111 831 4170 Ηοοὼ.
850 4111 1062 4183 ἀπαντησόμενος
1079 4126 1103 4165 et
1121 4112 1195 4179 οίο,ἣ
1216 4112 1271 4165 ἀντ.
