2798 4834
1108 261 1177 326 52⁶

77 444 132 510 καί
163 443 285 518 τούτοις
311 437 437 530 ίχνοςῆ
468 437 592 508 εἴδωλον
622 439 679 506 τοῦ
706 439 865 527 ἀκίνητον·
906 438 1083 518 συναύξεται
1115 438 1175 526 ἄρα

76 546 157 617 κατύ
179 552 350 640 οἰκειότητα
365 549 381 616 ὃ
399 549 507 646 μὲντῇ
519 549 629 636 ἡλίου,
659 547 723 616 ὅδὲ
738 553 793 634 τῆς
808 548 950 639 σελήνης,
970 551 1022 616 καί
1032 547 1174 636 χρήσεται

77 661 118 736 ὡς
139 658 254 746 ὀργάνῳ
274 655 354 743 πρός
382 655 437 744 την
457 663 519 724 τῶν
539 661 629 743 τριῦιν
650 641 816 738 τελείωσιν,
849 656 865 722 ὅ
887 661 987 746 ἕτερος
1008 661 1050 756 τῇ
1071 661 1159 744 ἑτέρη

75 765 174 850 δῆλον
194 765 228 832 δὲ
248 770 362 850 ποτέρᾳ
382 761 524 850 πότεροςς
558 757 646 841 οὗτος
666 760 727 848 δρα
749 766 766 830 δ
787 761 898 850 τρόπος
919 769 975 848 τῆς
995 764 1171 844 ἀποδείξεως

76 873 133 940 οῦκ
151 874 203 939 ἐπὶ
223 871 300 949 τοῦς
320 871 512 958 ἇμεθέκτους
532 867 667 944 πολλούς
686 868 759 948 νόος
780 870 898 954 ῦνοίγει,
932 871 973 948 οῦς
1000 871 1070 958 δίρτι
1091 871 1171 942 ἐδεί-

75 983 184 1064 ξαμεν,
216 975 296 1045 ῦλλδι
320 983 382 1045 πῦν
409 974 585 1058 τοῦνόντιον
612 980 663 1044 ἐπί
681 977 763 1072 1τούς
783 977 964 1064 μεθεκτούς.
1022 978 1089 1047 Καί
1110 978 1168 1066 γὰρ

74 1083 140 1151 ἀπὸ
160 1090 223 1152 τῶν
243 1087 381 1171 ἐμψύχων
403 1083 582 1172 ἀνηγόμεθα
603 1080 681 1150 κατὰ
702 1081 796 1174 λόγον
817 1089 867 1152 ἒπί
888 1083 943 1162 τός
964 1090 1168 1171 συντεταγμέ-

72 1219 129 1270 νας
148 1191 269 1270 τούτοις
289 1195 341 1261 καί
361 1197 556 1278 μετεχομύνας
577 1191 641 1258 ὑπὸ
664 1190 782 1257 τούτων
802 1189 921 1279 ψυχοίς·
952 1195 1004 1258 καί
1023 1198 1089 1269 πῶς
1108 1188 1167 1282 γελρ

72 1298 154 1377 είκός
181 1291 219 1382 ἦν
244 1297 304 1367 ἷατύ
331 1304 391 1366 τῦν
418 1300 617 1385 ἕνδιδομένων
643 1297 783 1376 ἀνιόντας
802 1297 845 1388 μη
864 1303 916 1367 ἒπί
936 1299 1059 1378 τούτοις
1077 1299 1164 1367 ἇνελ-
1222 1323 1227 1330 ·

71 1411 147 1473 θεῖν
167 1403 240 1484 τοῦς
259 1406 447 1492 ἔνδιδύνταςς
470 1405 623 1474 ὲνδιδόοισι
644 1406 678 1473 δὲ
696 1402 731 1472 τό
755 1406 808 1492 μίν
830 1411 1050 1495 ἐμψυχοντοῖς
1069 1433 1162 1493 φυσι-

71 1528 137 1592 κοῖς
161 1505 272 1581 εἴδεσιν
293 1519 327 1580 οιί
349 1517 569 1599 συνηρτημένον
588 1514 700 1600 ψυχαί,
736 1516 787 1579 καί
811 1519 957 1601 προςεχῦις
976 1515 1079 1582 αὐτῶν
1097 1519 1163 1582 ἔπι-

70 1617 274 1707 βατεύουσυι·
300 1617 337 1687 τό
358 1621 392 1687 δὲ
410 1623 514 1686 ἔννουν
534 1631 601 1698 τοῖς
621 1631 735 1708 ηιοχαῖς
758 1627 788 1688 οί
810 1624 1034 1708 συνεζευγμένοι
1057 1621 1163 1699 αῦταῖς

71 1727 239 1816 ὃμύτροποι
267 1739 317 1796 νοῖ
342 1730 394 1797 καί
415 1728 575 1813 ὁμοειδεῖς·
610 1725 755 1796 συνάπτοι
781 1727 838 1817 γοίρ
864 1727 903 1796 τύ
934 1727 1073 1815 μεθεκτὰ
1099 1723 1163 1807 τοῖς

70 1841 235 1923 μεθεκτοῖς
254 1833 278 1922 η’
296 1863 330 1902 τε
352 1834 495 1921 ὁμοιότης
524 1841 585 1902 τοῦν
607 1833 763 1920 ίδιοτητων
794 1841 847 1903 καί
873 1838 893 1924 η
915 1845 1081 1926 συμμετρία
1102 1843 1163 1904 τῶν

70 1947 148 2012 ίσων
168 1949 283 2031 μέτρων
302 1943 398 2011 τοῦ
382 1939 443 2011 οπο
463 1947 525 2010 τῦν
549 1934 628 2010 δλων
648 1946 803 2031 μερισμοῦ

148 2066 220 2161 Αρα
243 2066 336 2142 obst
317 2101 351 2142 εν
368 2071 407 2142 τό
427 2077 599 2161 μεθεκτόνς
618 2104 657 2142 τα
647 2073 709 2142 δὲ
723 2072 823 2142 πολλοὶ
837 2079 993 2163 πανταχου
977 2073 1145 2163 μεθεκτά
1154 2111 1168 2164 ,-

69 2210 91 2312 η
113 2185 166 2249 καί
185 2180 286 2269 ψυχδις
303 2188 334 2249 οί
366 2181 579 2268 φιλόσοφοι
608 2179 808 2269 γιγνώσκουσι
831 2181 889 2268 πρό
912 2189 971 2251 τῦιν
998 2180 1161 2271 ἒγκοσμίων

70 2289 296 2375 ύπερκοσμίους
310 2290 354 2372 2,)
375 2287 426 2356 καί
447 2288 519 2367 νίας
539 2288 602 2357 ύπὸ
625 2291 684 2358 τῦν
704 2292 871 2410 ύπερκοσμί
870 2320 912 2360 ων
930 2321 982 2359 και
973 2295 1160 2378 μεθεκτῦν

70 2394 143 2474 τούς
162 2394 287 2484 νοερούς
307 2425 359 2462 και
351 2396 579 2482 ῦμεθέκτους.
629 2407 638 2427 ’
757 2465 763 2471 ,

159 2512 201 2571 Ίί
190 2533 216 2582 ις
236 2494 291 2571 οῦν
312 2532 332 2632 η
354 2503 490 2570 κάτωθεν
512 2507 562 2571 ἐπὶ
585 2499 621 2570 τό
642 2503 816 2590 οἷμίθεκτον
835 2499 983 2592 πλήθους
1000 2504 1161 2594 ιἐνόβασιςς
1226 2521 1227 2528 ’

69 2643 90 2700 η
112 2638 226 2702 τροπος
247 2613 263 2680 ὃ
286 2611 380 2688 αύτὸς
402 2608 562 2697 μεθόδους
586 2611 732 2704 ιιιροδιωρ
735 2618 818 2679 ίσθω
845 2616 938 2699 μόνον
966 2619 1062 2681 ἔκειτο
1070 2664 1080 2695 ,
1111 2608 1160 2684 Ιύτι

70 2714 171 2807 ῦςπερ
189 2722 208 2806 η
226 2719 424 2807 ’ἐποχουμένη
455 2724 496 2805 τῷ
522 2724 566 2804 τῷ
593 2723 709 2805 θεότης
737 2722 900 2808 προείληφε
929 2719 986 2808 τὴν
1016 2727 1072 2788 τοῦ
1104 2727 1160 2788 νοῦ

70 2828 211 2913 ἰδιότητα
231 2829 283 2894 καί
302 2832 366 2893 ἔστι
386 2831 458 2902 νοῦς
479 2829 606 2907 ἕνιυῖος,
645 2821 722 2893 οῦτω
739 2830 802 2894 ’καί
829 2833 903 2904 νοῦς
925 2829 942 2895 ὅ
964 2828 1160 2916 ἐποχούμενος

68 2943 107 3029 τῇ
128 2939 217 3031 ψυχῇΙ
235 2933 429 3021 προειληφώς
449 2930 486 3001 δν
507 2935 555 3020 εἴη
575 2933 631 3018 την
650 2939 706 3019 της
727 2939 828 3019 ψυχῆς
848 2931 1002 3021 ίδιύιητα,
1036 2939 1088 3003 καί
1111 2939 1158 3022 εἴη

70 3042 110 3110 ύῖν
127 3043 213 3130 ψυχη
234 3040 336 3171 νοερηί·
357 3043 428 3118 νοῦς
448 3041 501 3125 μὲν
516 3037 572 3128 γὰρ
586 3043 661 3106 καθ’
674 3041 855 3122 ὑπόστασιν,
876 3039 958 3128 ψυχαί
977 3042 1011 3108 δὲ
1022 3045 1068 3137 ιη’
1079 3038 1158 3110 ίδιό-

69 3179 150 3285 τητι.
190 3153 257 3236 Καί
277 3145 334 3235 γὰρ
354 3177 374 3233 η
395 3147 523 3234 τοιαύτη
543 3143 627 3226 ενδς,
648 3144 802 3229 ἧτούτων
815 3153 1037 3237 πρυκαθημίνη
1052 3148 1159 3280 πριίεη

69 3259 106 3327 τῦ
135 3254 262 3388 ψυχικόν
290 3256 399 3342 ἰδίωμα
428 3254 564 3388 προῦβολλ
566 3283 645 3337 ετο,
669 3260 762 3323 καί’
748 3283 811 3323 εστι
838 3275 920 3387 τρύχη
952 3261 1051 3324 ἕνοαίοι
1079 3256 1158 3323 κατὰ

71 3365 125 3434 τόν
150 3365 248 3433 αύτόν
268 3365 383 3452 λόγον
406 3390 458 3438 και
484 3359 543 3448 γάρ
565 3361 670 3430 οῦσίαν
691 3367 806 3430 ἑνιαίαν
826 3363 879 3432 τόν
897 3360 1099 3449 εποχούμενον
1121 3367 1161 3455 τῇ,
1175 3341 1238 3442 ρος.

69 3475 185 3544 καθ’
169 3470 337 3540 υπόστασικ
359 3471 447 3558 οῦοίμ
468 3472 621 3556 καλοῦμεν
647 3471 757 3552 θεὸν,
788 3472 839 3538 κοί
868 3471 987 3556 ζωην’
973 3479 1087 3538 ενιαίαν
1104 3454 1208 3538 τον’ι
1232 3477 1238 3490 ’

70 3613 107 3678 τη
93 3585 228 3670 ζωῇ
213 3581 433 3666 εποχούμενονῖ
461 3573 535 3644 ύύστε
556 3580 608 3644 καί
628 3601 720 3662 φασιν
739 3605 759 3662 η
755 3576 863 3655 εἶδος
883 3573 956 3644 ῦλον
976 3581 1105 3662 φυσικόν
1127 3604 1160 3645 τε

70 3715 121 3754 και
112 3685 374 3772 σωματοειδὲς,’
362 3711 381 3770 η
375 3683 476 3761 εἶδος
487 3685 592 3760 διπλοῦς
605 3684 755 3764 ἔνυλον,’
743 3714 761 3770 η
756 3681 887 3763 εἶδος’
872 3683 1039 3771 εγιιύσμιον,
1058 3711 1074 3750 ο
1087 3711 1120 3750 τε
1132 3684 1158 3767 3)

141 3910 170 3970 τ)
189 3905 264 3959 Mon.
284 3906 480 3992 ίγκοσμί.ουςιι
500 3923 522 3968 ις
542 3903 605 3985 ῦπλρ
622 3901 682 3956 τῶν.
717 3902 776 3960 Art.
800 3902 817 3970 ἡ
841 3915 900 3957 τοτε
919 3903 1039 3958 κάτωθεν
1057 3901 1156 3958 Ηοοιί).

73 3973 182 4030 omittit.
210 3976 286 4026 Mon.
290 3972 442 4060 μεθόδους
459 3974 578 4044 scripsit.
810 3991 839 4032 ος

140 4041 531 4113 5J1v10n.2·5wp.1noqq
559 4040 604 4094 hio
624 4039 889 4130 εῖδοποιομμίνους
868 4057 916 4100 ue.
935 4040 1059 4098 Postea'
1051 4057 1159 4095 ιυντττο

79 4115 174 4167 ordine
197 4115 339 4180 οωμοτινοί
357 4114 400 4164 καλ
418 4114 559 4177 οῖσθητοί,
581 4123 606 4166 οι
624 4111 655 4163 τὸ
673 4110 762 4183 νοιρύν
785 4109 837 4165 dat.

1323 3313 1331 3345 λ
