2798 4834
267 279 340 364 τοο

267 475 394 544 ὐλούται
417 478 495 542 καθ’
520 469 662 558 ὐπαρξιν,
692 469 741 542 ότι
766 475 826 540 τοῦ
853 469 928 540 ὅλου
955 475 1030 559 μέρη
1051 472 1117 538 ἒοτί
1135 473 1187 538 καί
1205 470 1286 538 τίλεί
1303 476 1337 546 εἰς

264 579 324 669 τήν
344 585 401 649 τοῦ
420 576 495 648 ’όλου
515 578 661 665 ὐπαρξιν·
694 575 776 648 οὕτω
794 578 854 664 γὰρ
873 580 926 645 καί
944 584 987 655 εἰς
1006 575 1063 663 τόν
1083 577 1199 663 μονάδα
1219 574 1339 644 ἑκάστου

265 689 406 776 ἀριθμοῦ
428 688 513 755 τελεῖ
538 692 601 755 τῶν
629 692 661 756 ἰν
687 686 771 772 αὐτῷ
798 685 937 771 μονάδων
964 683 1000 753 τό
1024 682 1165 774 πληθος·
1192 683 1243 752 διό
1264 685 1341 772 τριάς

265 800 349 863 ε’στιν
369 795 407 864 οὐ
430 793 467 864 τό
486 795 545 864 Ἓν
558 795 654 881 Ιμόνον
674 802 728 880 τῆς
747 790 886 881 τριάδος,
911 789 990 860 ἂλλύ
1012 795 1064 860 καί
1083 791 1118 859 τό
1140 791 1269 878 πλῆθος
1288 794 1341 858 τόν

265 904 355 984 τριῶν
379 899 530 985 μονάδων,
564 892 640 966 όίστε
667 901 719 964 καί
744 899 795 965 ἓπί
819 901 875 983 τῆς
904 895 1009 974 οὐσίας
1038 897 1158 984 ὐληθὲς
1185 903 1285 964 εἰπεῖν
1309 893 1339 962 τό

266 1017 399 1092 στοιχεῖα
420 1005 596 1073 οὐσιαίσθαι
608 1007 638 1082 ³)
660 1001 737 1072 κατύ
758 995 889 1088 ὐπαρξιν
908 1007 965 1090 τῆς
983 1003 1101 1083 οὐσίας,
1130 1000 1151 1072 ό
1172 1031 1208 1072 τε
1224 1008 1282 1070 καὶ
1297 1003 1341 1070 ὐπ’

266 1112 362 1201 αὐτῆς
380 1108 550 1196 ἐκφυόμενα
570 1114 622 1178 καί
642 1109 737 1196 αὐτὴν
757 1109 991 1197 συμπληροῦντα
1018 1109 1072 1177 τόν
1100 1116 1255 1198 εἰρημένον
1281 1108 1342 1196 τρό-

265 1245 327 1289 πον
345 1217 502 1294 πολλάκις.
554 1217 617 1286 Οὐκ
637 1214 699 1302 υἰρα
718 1216 854 1296 λεκτέον,
888 1215 929 1293 εἰς
953 1203 1093 1302 πολλαχῆ
1112 1217 1209 1302 λέγειν
1230 1215 1342 1282 εἰαίθα-

266 1349 338 1410 μεν,
368 1321 414 1392 ὅτι
441 1327 540 1392 ἕνιαία
567 1333 699 1409 στοιχεῖα
724 1326 780 1408 τῆς
801 1320 922 1402 οὐσίας,
948 1323 1093 1390 τελοῦντα
1113 1322 1148 1389 δὲ
1170 1329 1215 1400 εἰς
1236 1327 1342 1400 οὐσίαν,

268 1429 403 1516 οὐσιιίδη
424 1438 554 1517 γίνεται·
574 1426 697 1514 δεύτερά
717 1455 750 1495 τε
769 1425 826 1513 μόρ
841 1433 895 1511 τῆς
911 1425 1015 1504 οὐσίας
1028 1427 1070 1506 ὥς
1085 1429 1265 1512 μονοειδοῦς
1278 1425 1344 1496 ίδιό
1390 1441 1391 1444 ’

267 1561 369 1621 τητος,
389 1537 441 1601 καί
459 1536 588 1621 πλῆθος
607 1531 702 1620 αὐτῆς
720 1535 802 1599 ἐστίν
823 1529 1011 1616 οὐσιόμενον,
1031 1523 1052 1598 λ’
1068 1559 1099 1599 τε
1120 1531 1195 1601 ὄντα
1215 1534 1296 1602 αὐτό
1315 1530 1344 1600 τό

266 1643 522 1728 πεπληθυομέυον
541 1645 598 1727 τῆς
618 1639 738 1717 οὐσίας·
758 1649 786 1707 εἰ
798 1639 832 1706 δὲ
842 1635 883 1706 τό
904 1637 985 1706 αὐτοὶ
1004 1637 1097 1707 ἄλλον
1119 1638 1232 1728 τρόπον
1252 1645 1287 1708 ἐν
1306 1646 1343 1726 τῷ

266 1753 313 1820 ἰνί
331 1750 513 1836 ὑφέστηκεν,
547 1751 593 1835 εἰη
621 1745 659 1815 εἰν
686 1750 738 1815 καί
766 1752 867 1814 ἐκείνω
886 1758 1018 1834 στοιχεῖα
1038 1751 1097 1816 τοῦ
1116 1747 1202 1828 ἑνός·
1235 1746 1273 1816 τό
1291 1747 1343 1836 φύρ

268 1859 326 1942 τῆς
352 1855 457 1933 οὐσίας
475 1853 530 1922 Ἓν
549 1860 730 1944 ἐπιβατεῦον
752 1855 819 1922 οἷον
839 1853 926 1922 οὐσία
946 1857 1030 1922 ἐστὶν
1049 1858 1161 1932 ε’νιαῖα,
1191 1858 1244 1932 καί
1266 1883 1344 1924 στοι·

264 1961 390 2054 χειωτόν
409 1967 536 2044 ἕνιαίον,
573 1957 612 2030 οὐ
638 1960 676 2028 τό
701 1966 799 2030 ἓνιαῖα
825 1958 957 2046 στοιχείό
981 1965 1077 2042 ἔστιν,
1110 1951 1208 2048 όίςπερ
1228 1963 1268 2030 τό
1291 1970 1344 2032 τοί

265 2078 322 2140 νοῦ
339 2072 542 2161 προείληπται
566 2075 600 2138 ἐν
627 2075 669 2156 τῷ
693 2072 737 2138 ἒυί
764 2075 891 2152 αἰωνίῳ·
920 2068 1033 2138 οὐκοῦν
1058 2068 1152 2136 πόλιν
1176 2071 1198 2156 ἦ
1232 2070 1344 2158 ἰδιότης

242 2169 326 2247 ’τῶν
352 2186 504 2267 στοιχείων
531 2176 735 2264 προείληπται
769 2179 825 2262 τῆς
852 2175 1054 2254 ὑποστάσεως.
1106 2175 1155 2246 Ἢ
1181 2169 1265 2244 οὕτω
1293 2181 1344 2264 μὲν

265 2287 481 2374 ἀληθέστατον
501 2284 592 2371 φόνοι
611 2285 712 2354 πάντα
732 2289 764 2352 ἐν
783 2296 849 2360 τοῖς
868 2287 958 2362 θεοῖς
977 2285 1205 2369 προειλῆφθαι,
1235 2283 1292 2354 Ιόσα
1315 2291 1343 2354 ἐν

266 2405 334 2470 ταῖς
353 2393 526 2480 ἐξημμέναίις
547 2392 676 2470 οὐσίαις·
698 2391 755 2458 οὐκ
775 2381 813 2476 ἰμ
831 2391 865 2458 δὲ
884 2389 905 2475 ἡ
921 2390 1031 2475 ὐπορία
1050 2394 1119 2476 περί
1129 2375 1192 2480 τῆς
1204 2391 1344 2480 τοιαύτης

266 2498 465 2586 προλήψεως,
493 2498 562 2566 ἀλλ’
581 2499 613 2565 εἰ
630 2524 661 2564 τι
679 2501 715 2565 ἐν
735 2509 801 2576 ταῖς
820 2501 1029 2586 μερικωτέραις
1051 2499 1168 2576 οὐσίαις
1189 2497 1241 2580 όν,
1270 2527 1342 2592 προ·

266 2606 411 2693 είληπται
431 2610 465 2674 ἐν
485 2618 550 2682 ταῖς
571 2605 780 2690 ὃλικωτέραιςς
807 2605 875 2682 παῖς
901 2595 959 2672 οὐν
983 2606 1044 2691 πρό
1063 2610 1117 2672 τού
1137 2610 1169 2674 ἰν
1188 2605 1342 2693 ὐνθρόσῳ

222 2797 224 2800 ¹
267 2713 346 2792 ζαίου
371 2717 436 2782 ἐστὶ
459 2711 495 2780 τό
515 2712 618 2789 ἁπλῶς
645 2716 740 2797 ζῶον,·
771 2707 862 2798 ἢότι
882 2710 937 2780 οὐκ
957 2716 1021 2780 ἔστι
1047 2713 1177 2795 ταυτὸν,
1207 2713 1283 2782 οὐδὲ
1308 2718 1341 2804 τῇ

267 2819 400 2909 ἰδιότητι
421 2819 460 2888 τό
477 2847 511 2888 τε
531 2819 684 2899 αὐτοζείον
702 2823 754 2887 καί
779 2818 815 2888 τό
845 2805 888 2898 ὥς
915 2809 1060 2906 στοιχείσύ
1086 2829 1342 2908 μεμερισμενονέν

265 2938 333 3004 τοῖς
351 2926 478 3004 πολλοῖς
497 2925 605 2994 εἴδεσι·
626 2929 717 2992 τοῦτο
738 2926 792 3012 μὲν
812 2923 868 3012 γὰρ
879 2930 991 2994 ἐκείνου
1004 2924 1097 3014 μόνον
1117 2928 1211 3011 ἰδιον,
1233 2923 1340 2998 οὐέστί

266 3047 413 3121 στοιχεῖον
437 3038 489 3101 καί
512 3031 605 3120 μόνον
630 3037 720 3116 ζῶον,
753 3041 782 3104 εἰ
805 3037 857 3102 καί
869 3039 927 3123 ,τῷ
949 3035 1106 3123 ὐνθρόπῳ
1133 3037 1338 3106 εἰδοποιεῖται·

265 3145 361 3208 ἕνείνο
383 3143 417 3209 δὲ
437 3140 528 3227 φύοις
547 3123 651 3228 ἄλλη,
662 3138 763 3208 πάντα
787 3139 846 3210 όσα
858 3151 887 3220 4)
903 3143 981 3228 ὁμοῦ
992 3145 1031 3210 τό
1047 3169 1080 3210 τε
1094 3146 1174 3224 ζῶα,
1195 3142 1234 3212 τό
1247 3140 1339 3213 πολλύ

255 3249 317 3314 ’καί
337 3246 376 3314 τό
395 3250 523 3316 συνόντα
543 3260 606 3325 τοῖς
627 3245 713 3325 ζώοις
733 3247 799 3335 εἴδη
820 3261 968 3317 παντοῖα·
1002 3247 1167 3338 ἅνθρωπος
1191 3248 1250 3338 μόρ
1271 3253 1339 3336 ὁμού

264 3355 318 3418 καί
334 3357 427 3429 ἵππος
446 3356 497 3420 καί
517 3346 603 3438 ἥλιος
623 3355 674 3419 καί
693 3353 803 3438 σελήνη
825 3356 876 3420 καί
897 3347 955 3420 ὅσα
975 3351 1057 3420 δι’λλιι
1084 3359 1158 3424 ε’στί.
1211 3357 1271 3424 Διὸ
1294 3359 1337 3424 καί

262 3457 316 3526 ὐπ’
334 3460 429 3526 αὐτοῦ
448 3455 488 3526 τό
510 3457 608 3525 πάντα
628 3455 779 3542 πρόεισιν,
801 3460 939 3526 καλεῖται
958 3458 992 3526 δὲ
1013 3453 1094 3544 ὅμως
1114 3464 1190 3538 ζῶον
1209 3459 1272 3530 ὐπό
1289 3475 1336 3528 τοο

263 3563 483 3653 στοιχειώδους,
508 3555 559 3632 ότι
579 3564 666 3649 καὶὴ
688 3562 746 3652 ζωὴ
767 3565 864 3634 πάντα
881 3557 978 3647 οὐσα,
1005 3565 1064 3634 ὐπὸ
1079 3572 1151 3653 μιᾶς
1169 3569 1249 3655 ὁμῶς
1271 3571 1335 3638 ἰδιό-

262 3698 355 3759 τητος
378 3671 556 3757 ὀνομάζεται
581 3677 638 3758 τῆς
663 3672 798 3754 ζεούσης·
830 3675 947 3759 εἴρηται
971 3669 1028 3760 yolo
1055 3675 1094 3761 δὴ
1123 3677 1270 3755 πολλάκις
1296 3671 1336 3744 ότι

262 3778 300 3846 τό
319 3777 450 3862 ὀνόματα
470 3782 530 3845 τῶυ
557 3777 758 3862 διωρισμένων
778 3782 841 3846 ἔστί
864 3782 916 3846 καί
943 3786 1184 3867 μεμερισμένων,
1211 3785 1334 3868 μάλιστα

259 3887 315 3970 μὲν
334 3890 395 3952 τῶν
415 3881 586 3973 ἰδιοτήτυιν,
617 3883 682 3971 ἤδη
696 3885 726 3968 ⁵)
758 3887 862 3954 δὲκαὶ
882 3887 981 3958 αὐτῶν
1002 3879 1081 3957 όλων
1101 3895 1162 3956 τῶν
1183 3891 1333 3978 εἰδητικόν

327 4061 356 4126 3)
377 4060 535 4116 οὐσισίσθαι
552 4059 617 4114 κατὰ
635 4062 683 4129 τὴν
699 4061 742 4115 ὐπ.
761 4094 794 4104 -
810 4069 839 4128 ο)
860 4065 935 4119 Mon.
952 4067 1036 4120 πάντα
1054 4065 1119 4122 οὐσα
1137 4048 1205 4138 ὃμού
1225 4104 1233 4120 .
1254 4108 1261 4124 .
1281 4094 1333 4120 .-

259 4129 291 4198 5]
310 4131 384 4186 Mon.
405 4131 461 4199 ιίδη
479 4131 517 4186 δὲ.
536 4133 612 4186 Mox.
633 4131 666 4184 οὐ
685 4133 855 4206 πορρωτέρων
870 4136 922 4188 τῶν
940 4153 978 4190 ντ.
1000 4149 1033 4192 ,ἶ
1052 4175 1059 4192 .
1078 4137 1250 4210 ,ὑπεροχαῖς
1273 4137 1332 4192 Dein
