2770 4840
1082 287 1151 387 241

54 456 147 530 Ἀλλά
168 467 198 530 τί
220 461 256 528 τὸ
276 459 451 546 προελθόνς
471 449 532 549 ἀρα
557 443 733 546 τδτρίτον
746 460 812 541 ἀεὶ,
837 464 890 528 καί
914 457 988 530 ’όαον
1014 463 1091 552 μετά
1116 468 1155 531 τό
1216 453 1240 535 ’,

56 576 159 654 τρίταν
179 568 201 652 ῆ
222 569 274 634 καί
295 565 330 634 τό
353 566 493 654 διάτορον
521 571 633 648 ένίοτε,
660 575 688 635 εἰ
714 571 767 636 καί
791 565 834 654 μῆ
863 566 898 636 τά
927 569 1070 659 δεύτερον
1095 575 1154 640 τοῦ
1202 555 1204 560 ,

57 673 160 757 ἀντος,
181 673 199 742 δ
222 676 298 762 ζωῆν
318 677 490 762 καλοῦμεν,
518 673 587 741 ἀλλ’
615 675 680 744 οἷον
709 675 726 742 ὃ
752 675 890 763 δεύτερος
915 678 1004 760 νοῦς,
1031 676 1052 766 ἢ
1078 670 1154 765 μετά

54 781 110 850 τόν
130 789 253 868 πρῶτον
272 787 346 852 νοάν
366 787 418 850 καί
438 782 492 867 τῆν
513 786 546 850 ἐν
565 782 649 870 οιάτηῖ
676 783 798 872 πρώτην
829 788 1011 868 ἔκφανείσαν
1036 786 1154 876 διάκρι-
1222 865 1231 876 ..

54 918 122 970 σιν,
149 896 255 976 ε’φεζῆς
279 891 327 958 ἀεὶ
356 892 409 956 καί
435 889 476 957 κά
507 889 633 977 δεάτερα
660 895 720 958 τάν
748 892 808 978 πρό
829 891 928 960 αάτών
955 893 1153 981 διακρίνεται,

53 997 218 1086 μετέγοντά
236 1025 270 1085 γε
289 1001 344 1084 τῆς
363 995 426 1084 ῆδη
447 997 700 1086 πραβεβλημίνης
726 999 788 1065 ἀνω
814 998 1006 1084 διακρίσεως·
1034 1004 1097 1069 ἔστι
1116 1001 1153 1073 δέ

53 1105 75 1174 ἀ
94 1111 148 1175 καί
169 1112 201 1175 ἐν
222 1112 265 1194 τῷ
285 1106 499 1193 διακρίνεσθαί
518 1134 581 1184 πως
602 1104 710 1191 ὁρᾶται
729 1095 805 1192 πρὸς
826 1106 864 1174 τά
884 1104 944 1192 πρό
965 1112 1083 1176 ἕαυτών
1098 1113 1151 1178 καί

54 1211 94 1282 τά
129 1218 207 1300 μεθ’
246 1210 340 1286 ἑαυτά
370 1209 448 1280 κατά
479 1212 660 1299 ἀναλογίαν,
694 1211 734 1288 ώς
758 1217 791 1280 έν
818 1225 885 1291 ταῖς
911 1215 1151 1294 Χαλδαϊκαῒς

55 1318 221 1409 τριάσιν
240 1321 261 1407 ῆ
282 1319 421 1403 δύναμις.
893 1307 895 1312 ,

132 1427 213 1496 Ἐπί
232 1426 267 1493 δὲ
284 1423 404 1512 τούτοις
425 1423 523 1494 άπασι
539 1423 577 1492 τό
602 1431 747 1512 πρώτον
773 1427 859 1514 ἡμῖν
881 1431 1063 1515 ἐζητημένον
1088 1433 1151 1510 ἀξε-
1225 1483 1228 1490 .

54 1536 210 1620 τάσωμεν,
237 1536 323 1621 τίςῆ
349 1534 463 1620 ἀνάγκη
480 1539 537 1620 τῆς
556 1533 744 1612 ἀντιθέσεως
771 1540 830 1602 τών
849 1542 940 1620 τριών
959 1534 1037 1623 πρός
1056 1535 1154 1624 άλλη·
1179 1526 1196 1606 ἰ
1224 1565 1226 1570 ’

53 1643 110 1724 λα,
131 1644 163 1708 εἴ
185 1668 219 1708 τε
236 1645 329 1727 μονῆς
351 1643 403 1708 καὶ
421 1639 557 1725 προόδου
575 1642 627 1707 καί
647 1645 846 1726 ἐπιστροφῆς,
866 1645 897 1709 εί
919 1669 952 1709 τε
972 1644 1077 1722 οὐσίας
1099 1648 1152 1712 καί

55 1754 136 1836 ζωῆς
150 1753 204 1816 καί
222 1753 289 1830 νοῦ,
310 1751 460 1816 εἴτετοῦ
479 1749 632 1833 ἡνωμένον
653 1751 706 1818 καί
726 1750 955 1838 διακρινομένσυ
975 1753 1027 1818 καί
1049 1750 1152 1820 διακε-

53 1861 216 1944 κριμένους
249 1855 336 1944 Τάχα
362 1857 416 1942 μὲν
437 1846 494 1924 σόν
525 1853 667 1938 κάλλιον,
695 1856 887 1944 ἀδιάκριτον,
915 1857 1151 1945 διακρινόμενον,

53 1966 283 2052 διακεκριμένον
309 1977 407 2032 ποιεῖν
426 1960 482 2050 τῆν
502 1963 733 2048 ἀντιδιαίρεαιν,
759 1962 891 2052 ἢπόλιν
913 1973 946 2032 ἓν
960 1969 1004 2050 ὅ),
1033 1967 1151 2054 ῆνωμέ-

55 2101 127 2154 νον,
153 2074 431 2160 πεπληθυσμένον,
460 2071 520 2142 ἀπὸ
543 2071 704 2159 διαμέτρου
724 2074 780 2156 μὲν
807 2077 908 2140 ταῦτα
933 2079 986 2142 καὶ
1005 2074 1062 2161 τῆν
1086 2078 1154 2155 ἑνός

55 2186 111 2252 καί
130 2179 190 2269 τῆν
209 2179 351 2265 πλίβους
372 2179 548 2261 ἀντίθεσιν,
569 2185 601 2246 έν
619 2184 702 2266 μέσῳ
723 2181 758 2248 δὲ
778 2180 891 2267 ἀμφοῖν
910 2182 928 2249 ὃ
949 2185 1069 2268 τοῦμὲν
1085 2184 1153 2263 ἑνὸς

55 2287 218 2378 ἐχάλασεν,
236 2287 258 2372 ῆ
278 2286 314 2353 δὲ
332 2288 387 2352 τσῦ
408 2283 558 2373 πλήθους
585 2290 715 2371 ἔμφασις
741 2287 940 2375 προεβάλετο.
980 2284 1070 2376 Αἱίτη
1096 2291 1153 2376 μὲν

54 2399 75 2484 ἡ
97 2393 185 2482 τριάς
206 2399 239 2462 έν
259 2393 355 2462 εἰκότι
371 2392 452 2480 λόγῳ
467 2393 628 2489 διῄρηται,
651 2392 705 2479 τῆν
726 2394 759 2462 δὲ
778 2392 838 2482 πρό
855 2395 967 2484 ταύτης
986 2402 1152 2487 παρέσχετο

55 2503 113 2587 μὲν
130 2503 187 2566 καί
205 2497 244 2566 τά
263 2497 404 2584 αἰσθητά
424 2500 501 2565 πᾶσι
526 2505 721 2585 προκείμενα,
749 2491 792 2566 ὧν
812 2497 851 2566 τά
871 2500 927 2584 μὲν
954 2501 1034 2568 εἶναι
1059 2507 1153 2590 μόνω
1207 2550 1209 2560 ·

54 2612 201 2697 λέγομεν,
225 2608 264 2674 τά
285 2607 320 2674 δέ
349 2609 402 2674 καὶ
429 2608 499 2696 ζῆν,
516 2602 557 2673 τά
582 2606 616 2674 δὲ
636 2607 689 2673 καί
709 2608 894 2691 γιγνώσκειν·
920 2613 1087 2697 παρέσχετο
1116 2611 1151 2678 δὲ

57 2720 111 2785 καί
133 2717 198 2790 δ’9)
218 2717 297 2794 ζώου
318 2712 459 2798 ὁρισμός,
480 2712 585 2782 σάσίαν
605 2739 639 2780 τε
660 2714 711 2780 καί
729 2708 958 2799 γιγνώσκουσαν
978 2715 1055 2782 αάτά
1077 2715 1153 2800 ἀφο-

59 2820 225 2909 ριζόμενος.
269 2821 388 2889 Οὔκουν
412 2821 489 2898 ζῶον
508 2819 564 2903 μὲν
583 2823 616 2888 ἔκ
636 2825 695 2886 τάν
714 2823 820 2904 τριῶν,
833 2819 1023 2915 ἀφῃρημένης
1043 2822 1077 2889 δέ
1097 2829 1154 2911 τῆς

59 2929 197 3017 γνώσεως
216 2926 306 2996 οάοία
326 2929 406 3006 ζώσα
427 2932 560 3012 γίγνεται
579 2923 686 3012 μόνον·
708 2925 952 3012 ἀπολειπομένης
971 2928 1007 2995 δὲ
1027 2932 1080 2996 καί
1099 2934 1155 3015 ’τῆς

59 3043 155 3125 ζωῆς,
177 3035 269 3104 οάσία
286 3037 379 3120 μόνον
404 3038 608 3102 καθίσταται·
640 3031 779 3111 ἐάσαντες
806 3034 841 3100 δέ
866 3032 904 3101 τά
928 3037 1108 3122 πράγματα,
1126 3044 1155 3108 εί

59 3145 183 3236 βοάλει,
211 3140 264 3221 τάς
291 3143 438 3228 ἡμετέρας
462 3145 578 3218 ἐννοίας
606 3139 848 3228 ἀναθρήσωμεν,
878 3138 917 3219 ἀς
945 3147 1051 3230 ἔχομεν
1076 3149 1155 3230 περί

60 3257 122 3322 τών
141 3253 222 3320 εἶναί
240 3267 357 3336 φαμεν·
376 3248 412 3316 τό
432 3249 467 3316 δὲ
487 3252 541 3345 ζῆν
561 3248 596 3316 τό
618 3248 651 3316 δέ
677 3245 869 3337 γιγνώσκεινς
901 3253 991 3318 τοῦτο
1020 3253 1074 3335 μὲν
1100 3245 1154 3322 οὖν

61 3360 136 3446 πρός
157 3336 261 3445 έτερον
280 3357 484 3426 ἀποτείνεται·
505 3353 582 3422 κατά
602 3353 658 3442 γάρ
680 3351 735 3440 τῆν
754 3354 832 3441 πρὸς
852 3351 888 3422 τό
909 3355 1041 3442 γνωστόν
1056 3357 1154 3446 ὄρεξιν

62 3469 228 3554 ἀφίσταται
248 3463 282 3533 τό
304 3466 494 3550 γιγνώσκειν·
521 3460 556 3529 τὸ
584 3462 619 3529 δὲ
645 3462 724 3528 εἶναι
752 3464 829 3529 καθ’
860 3463 937 3530 αὑτό
964 3469 1016 3531 καί
1040 3470 1154 3534 ἑαυτοῦ

61 3581 111 3644 καί
131 3573 224 3664 μόνον
246 3570 324 3641 αάτό
344 3575 433 3659 χωρίς
446 3568 567 3656 ἀπάσης
584 3569 729 3656 διπλόης·
744 3570 780 3638 τό
796 3571 830 3636 δὲ
847 3575 898 3666 ζῆν
909 3571 1036 3657 ἀτεχνῶς
1051 3578 1154 3659 μέσον.

58 3681 128 3752 Ἔτι
147 3683 201 3768 μὲν
221 3677 277 3769 γάρ
297 3685 329 3746 έν
355 3681 457 3764 ἑαυτῆ
486 3680 538 3744 καί
564 3673 641 3761 πρός
671 3676 762 3744 ἑαυτό
782 3682 856 3744 καθ’
877 3672 951 3746 ἀσον
971 3682 1007 3763 ζῆ
1026 3679 1062 3746 τό
1085 3683 1190 3762 ζώνη)
1227 3729 1235 3744 .

61 3788 120 3876 ῆδη
142 3789 179 3856 δέ
198 3815 265 3865 πως
284 3785 468 3873 ἐγειρόμενον
486 3783 543 3869 ἀφ’
563 3785 676 3852 ἑαυτοῦ
692 3784 745 3850 καί
765 3781 841 3870 πρὸς
861 3783 952 3852 ἑαυτό
968 3785 1155 3874 διακρινόμε-
1175 3768 1205 3820 ¹4
1227 3796 1235 3813 ’

131 4015 260 4084 8)Mon.
285 4016 363 4070 πάλιν
387 4012 421 4068 αὖ
442 4012 516 4083 ῆνωμ
518 4047 588 4066 .....
600 4011 666 4066 κατὰ
692 4011 740 4080 τῆν
760 4013 810 4066 τοῦ
831 4011 888 4073 ἱνδς
910 4033 925 4065 κ
927 4049 997 4068 .....
1016 4014 1033 4083 ἦ
1055 4017 1105 4070 τοῦ
1126 4017 1156 4070 δέ

65 4086 193 4152 πλήθους.
210 4115 243 4129 -·
261 4089 291 4157 9)
309 4087 386 4156 Mun.
407 4082 487 4136 ὃτοῖι
505 4081 587 4147 ζώου,
613 4094 642 4135 ει
662 4095 739 4135 antea
763 4082 807 4135 bin
834 4085 961 4154 παρέχετε
981 4084 1039 4138 εἰσιν
1065 4102 1082 4140 ε
1147 4126 1155 4138 .

64 4153 179 4212 Inferius
196 4154 219 4211 f.
239 4155 259 4208 1.
276 4152 492 4226 ἀναρθρώοιιμεν
508 4164 536 4206 οι
552 4155 675 4222 φαμένων
691 4151 736 4206 τι]
754 4155 926 4222 φαινομέναν,
951 4163 1001 4208 σαι
1016 4103 1145 4226 wolff

904 4289 943 4358 16
