2798 4834
264 329 332 394 30ss

260 510 315 573 τοῦ
335 513 527 594 στοιχειωτοῦ
548 511 600 574 καὶ
620 511 676 587 ἔξω
696 507 856 594 προῆλάεν
871 505 949 576 κατά
966 503 1018 584 τάς
1034 505 1182 592 διαφοράς
1202 508 1336 594 ῦποβᾶσιι

259 619 319 682 τῶν
339 624 506 704 στοιχείων·
537 614 610 702 ἡδὲ
631 620 689 682 τοῦ
709 617 864 700 ἡνωμένον
886 621 972 682 πᾶσα
1001 619 1072 682 εἴσω
1095 619 1223 698 ἔμεινεν,
1249 610 1300 681 άτε
1313 619 1336 691 ⁷)

257 724 309 787 καὶ
330 727 387 789 τοῦ
406 724 526 810 βάθους
545 725 597 789 καὶ
617 726 672 788 τοῦ
693 720 828 799 πλάτους
848 728 880 789 ἐν
901 723 982 809 αὐτῷ
1003 721 1153 809 διαφοράν
1169 719 1210 808 μὴ
1228 728 1338 808 ἔχοντος

257 835 301 905 εἰς
322 825 376 914 τὴν
396 832 449 908 ἔξω
478 827 628 914 πρόοδον·
660 829 809 913 διαφοράς
839 829 897 916 γάρ
922 827 964 914 μὴ
994 829 1105 916 οῦσης,
1143 837 1187 906 εἰς
1214 828 1250 894 τὸ
1276 832 1338 894 εἴσω

256 941 318 1002 πῖιν
342 963 376 1002 τε
402 941 453 1003 καὶ
480 936 552 1003 ὅλον
579 945 744 1004 σνννεῦσαν
765 941 896 1021 ἔμεινεν·
927 937 985 1003 οῦκ
1013 940 1077 1003 ἔστι
1105 937 1139 1002 δέ
1166 935 1276 1003 ταῦτδν
1302 935 1334 1000 τά

256 1039 335 1109 άλλα
355 1049 495 1129 προϊέναι
516 1043 572 1110 εἶπ’
594 1044 688 1110 αὐτοῦ
713 1070 795 1120 τινος
815 1047 867 1111 καὶ
893 1044 946 1127 ἀφ’
968 1049 1086 1112 ἑαυτοῦ.
1134 1041 1246 1111 Πάντα
1271 1047 1335 1128 χοῦν

256 1146 295 1215 τά
315 1151 406 1217 ἕνυλα
427 1154 479 1218 καὶ
498 1154 679 1238 περικόσμια
699 1151 760 1218 άπδ
780 1155 837 1217 τοῦ
854 1147 928 1219 δ’λου
941 1149 1059 1237 πρόεισι
1076 1152 1270 1234 δημιουργοῦ,
1290 1156 1334 1215 καί

254 1282 302 1322 τοι
326 1256 362 1324 οῦ
382 1258 545 1344 προῆλθεν
566 1255 658 1336 αὐτὸς
679 1266 721 1336 εἰς
738 1255 795 1344 την
817 1255 908 1344 δ’λην,
930 1259 997 1324 οῦδὲ
1018 1265 1061 1336 εἰς
1080 1258 1139 1344 τήν
1157 1265 1334 1341 περέκοομον

253 1359 338 1442 τάξιν
352 1361 406 1446 τὴν
417 1363 568 1450 μεριστήν.
615 1357 723 1442 Οῦτως
743 1363 801 1453 άρα
821 1368 872 1431 καὶ
893 1365 1033 1451 ὅνοητδς
1054 1364 1131 1443 θεὸς
1150 1366 1268 1440 πάντας
1287 1366 1334 1448 μὲν

252 1468 306 1552 ἀφ’
327 1473 438 1536 ἑαυτοῦ
458 1470 633 1560 παρήγαγεν
653 1471 725 1548 τοὺς
744 1468 840 1548 θεοὺς
860 1471 1057 1557 διακόσμους,
1090 1469 1187 1548 αῦτδς
1216 1471 1258 1538 δὲ’
1277 1471 1333 1536 διέ-

250 1602 352 1658 μεινεν
372 1581 404 1642 ἐν
423 1581 461 1674 τῇ
481 1582 593 1647 ἑαυτοῦ
612 1580 655 1657 ῶς
676 1578 803 1665 άληθῶς
821 1575 1000 1666 ῦπερκάσμῳ
1020 1586 1170 1670 περιωπῇ,
1190 1584 1333 1645 τοσοῦτον

250 1681 342 1767 μόνον
363 1691 406 1762 εἰς
427 1684 544 1762 αῦτοῦς
565 1683 735 1770 προελθών,
753 1672 903 1770 ῦσοντέμ
924 1691 1034 1753 ἑαυτοῦ
1051 1687 1168 1771 μονάδα
1180 1687 1333 1772 βασιλείαν

249 1793 369 1857 πάντων
390 1790 664 1877 καταστήσασθαι·
701 1789 793 1868 αῦτδς
819 1784 872 1860 οῦν
893 1785 965 1870 ῦλος
984 1792 1141 1878 ἀμέριστος
1161 1800 1265 1877 μείνας
1285 1792 1330 1855 καὶ

248 1895 357 1983 νοητάς
385 1897 560 1987 συνετάχθη
591 1928 656 1975 πως
683 1911 746 1976 τοῖς
779 1899 831 1966 ἄπ’
858 1899 962 1968 αῦτοῦ
989 1902 1171 1985 προῤῥέουοι
1197 1902 1329 1982 κόσμοις·
1386 1977 1387 1980 ¹

246 2011 308 2072 τῶν
328 2006 362 2071 δέ
390 2012 504 2091 μετὰῦ)
534 2006 629 2073 αῦτὸν
658 2015 784 2086 ἕκαστος
812 2008 1001 2074 ῦλικωτάτων
1027 2013 1118 2073 θεῶν.
1155 2005 1176 2093 ἢ
1204 2007 1329 2089 τριπλα·

247 2110 382 2190 σιάζεται
401 2113 478 2181 κατά
498 2113 555 2198 τὴν
575 2116 721 2200 πρόοδον,
751 2116 770 2198 ἢ
796 2113 1084 2195 ἑπταπλαοιάζεται,
1112 2121 1172 2182 τῶν
1197 2116 1232 2180 δὲ
1251 2139 1327 2199 μερι-

248 2224 382 2307 νεωτέρων
420 2220 526 2297 ἄλλοις
560 2226 673 2308 μείζοσι
713 2226 763 2289 καὶ
795 2223 901 2301 άλλως
933 2222 1230 2300 πολλαπλασιάζεται
1265 2222 1326 2305 ιῖρι-

246 2332 357 2412 άμοῐς,
384 2326 476 2404 αῦτάς
497 2330 531 2396 δέ
551 2326 670 2396 πάντων
690 2333 755 2396 ἐστὶ
776 2335 837 2400 τῶν
857 2331 1026 2417 προσδοκῶν
1046 2331 1182 2417 ἀριθμῶν
1202 2338 1257 2415 μία
1276 2333 1324 2414 μέ-

245 2461 341 2501 νουσα
361 2442 404 2521 τῷ
426 2435 490 2502 δντι
510 2434 616 2521 μονάς,
644 2439 760 2523 μάλλον
780 2437 814 2506 δέ
833 2438 928 2524 μονάς
948 2430 1042 2520 οῦσα,
1068 2445 1174 2505 πασῶν
1195 2442 1254 2505 τῶν
1273 2464 1323 2522 μο-

164 2605 227 2663 pag·
245 2542 343 2608 νάδων
372 2543 559 2632 ὑπερέχουσα
589 2548 640 2613 καὶ
670 2551 727 2612 τοῦ
759 2546 934 2627 μονοειδοῦς
963 2547 1075 2625 παντὸς
1105 2546 1251 2634 πλήθους
1278 2549 1324 2612 καὶ

164 2675 224 2712 τοι.
244 2655 377 2735 πηχαίου
398 2647 498 2734 φάναι,
518 2650 596 2717 κατά
615 2652 685 2728 τοῦς
704 2654 903 2743 θεουρχοά
908 2683 932 2730 ς.
961 2649 1067 2722 ΙὍθεν
1087 2659 1139 2721 καὶ
1159 2661 1232 2741 παρ’
1253 2659 1322 2721 ἐκεί-

242 2784 306 2834 νοις
330 2757 503 2844 άνυμνεῖται
523 2757 604 2844 πηχηΙ
625 2764 688 2825 τῶν
707 2765 825 2845 πηχῶν.

317 2890 402 2960 Ἀλλ’
422 2897 450 2956 εἰ
470 2887 615 2976 διάφορον
634 2891 734 2980 πάντη
755 2892 789 2958 τά
810 2891 961 2978 ἡνωμένον
990 2897 1041 2958 καὶ
1073 2891 1242 2980 άπράοδον,
1273 2890 1320 2957 διά

241 2994 334 3064 τοῦτό
354 3027 418 3076 πως
438 3003 542 3084 ἔχομεν
563 3003 615 3066 καὶ
637 3000 671 3066 τδ
691 2997 802 3088 νοητὸν
822 3007 905 3088 τριχῆ
926 2993 1034 3066 διελεῦν
1047 3007 1090 3077 εἰς
1109 3005 1254 3085 πρῶτον
1274 3005 1319 3065 καὶ

239 3109 354 3188 μέσον
375 3109 426 3170 καὶ
447 3109 619 3192 ἔσχατον,
651 3105 736 3192 ἢείς
757 3104 892 3174 οῦσέαν
909 3111 959 3174 καὶ
980 3105 1075 3193 ζωήν
1100 3111 1152 3173 καὶ
1172 3113 1278 3188 νοῦν,
1301 3104 1319 3192 ἢ

238 3216 282 3286 εἰς
302 3216 449 3297 πατέρα
470 3217 521 3278 καὶ
548 3212 714 3296 δυ’ναμιν
738 3217 790 3282 καὶ
818 3219 921 3295 νοῦν,
955 3212 978 3299 ἢ
999 3207 1080 3291 ’ὅπως
1100 3212 1200 3290 άλλως
1220 3213 1317 3281 ἐθέλοι

214 3340 288 3393 ·τις
312 3319 416 3405 λέγειν.

320 3457 361 3516 Εἰ
379 3449 412 3515 δέ
432 3452 483 3514 καὶ
503 3447 556 3525 τάς
576 3463 655 3534 τρεῖς
675 3451 799 3539 τριάδας
818 3450 871 3528 τάς
891 3451 999 3538 νοητὸς
1024 3455 1056 3518 ἓν
1077 3480 1118 3538 νῳ
1136 3453 1315 3539 βαλοὶμεάα,

237 3555 374 3644 πολλαχῆ
396 3556 433 3623 άν
454 3561 500 3641 εἴη
523 3556 560 3625 τά
580 3559 733 3643 ἡνωμένον
754 3559 945 3655 διηρημένον,
966 3563 1032 3626 ἐπεὶ
1052 3563 1103 3626 καὶ
1125 3561 1140 3625 δ
1161 3560 1314 3626 Πλάτων

237 3677 318 3750 τρεῖς
338 3668 434 3745 τάξεις
453 3666 526 3750 ἡμῖν
555 3667 750 3755 παραδέδωκε
777 3673 832 3734 τοῦ
851 3672 963 3753 νοητοῦ
983 3655 1060 3734 κῦτά
1084 3667 1137 3733 τὸν
1167 3674 1312 3752 Παρμε-

319 3899 331 3964 )
357 3897 431 3952 Μοπ.
457 3897 500 3952 ὅτε
523 3916 577 3970 pro
602 3897 648 3952 άτε
670 3910 697 3951 τε
722 3895 837 3950 inferius
861 3897 904 3950 καὶ
923 3894 962 3948 τὸ
987 3893 1066 3960 αέτὸ
1088 3894 1133 3964 ἆρ’
1157 3897 1257 3948 ἑαυτοῦ.
1281 3921 1311 3933 -

283 3912 379 4022 λῦαωδ.
398 3967 466 4036 μετὰ
484 3966 578 4022 αὐτῶν.
612 3967 730 4022 Inferius
750 3967 823 4020 Mon.
842 3969 896 4028 πῶς
912 3969 946 4034 lg.
965 3968 1009 4018 καὶ
1024 3985 1049 4020 τ.
1069 3987 1091 4020 ν.
1109 3967 1201 4038 τριττῦς
1218 3965 1308 4016 διελεῖν.

234 4045 260 4084 et
280 4044 395 4108 uterque
413 4041 436 4090 εἰ
447 4041 526 4092 θέλοι
542 4059 582 4098 τις
596 4041 620 4090 λ.
638 4039 713 4092 Mon.
732 4052 783 4107 pro
801 4034 849 4096 τὰς
865 4044 935 4108 τρεῖς
952 4034 1061 4106 τριάδας
1077 4036 1104 4088 in
1121 4046 1246 4090 contextu
1262 4051 1312 4102 μσ-

234 4100 314 4162 κάδαε
332 4104 410 4176 legit,
431 4107 466 4160 ad
483 4123 567 4181 marg.
587 4107 696 4178 τριάδας
713 4105 827 4160 notavit.

233 3959 262 4028 8)
