2798 4834
402 206 406 235 λ

985 254 986 262 ¹
1071 229 1143 312 τεο

68 415 82 478 ό
104 412 206 499 νοητὸς
232 411 344 498 κόσμος
363 410 495 502 παραίνει
516 411 633 490 πάντας
652 413 728 498 ὁμοῦ
750 413 822 490 τούς
841 416 917 497 μεθ’
938 412 1064 492 ἑαυτὸν,
1090 409 1144 488 τόν

67 518 193 604 νοερόν,
213 517 266 586 τόν
285 515 559 608 ὖπερκόσμοσν,
579 514 634 586 τόν
655 517 877 605 έχκόσμιον·
900 516 962 585 ὅδὲ
973 515 1075 606 νοερός
1086 517 1144 604 μό-

67 651 129 702 νσσς
149 625 218 705 τοός
239 624 312 708 δόο,
346 627 420 716 όδέ
441 623 643 712 όπερκόσμιος
673 625 741 692 ἕνα·
755 626 848 708 μόνον
866 624 922 693 τόν
950 622 1145 714 αίσθητόνῆ

68 733 170 821 ὁσαχῶς
190 733 228 803 ίίν
249 763 294 814 τις
314 739 399 820 τέμοι
419 734 457 802 τοὶ
473 732 618 821 προϊόντα
634 741 682 810 εἰς
690 729 821 818 κόσμους
836 732 988 810 πλείονας.
1023 734 1144 820 Οὐκοῦν

68 841 146 926 ὃμὲν
165 842 275 928 νοητὸς
297 841 494 922 ὁλικοίτατος,
532 833 581 909 ότι
600 839 721 908 πάντων
740 839 970 928 περιληπτικός,
1000 841 1071 908 ὅδὲ
1092 849 1142 910 σί-

67 945 210 1036 σόητόςῆ
239 942 258 1016 ό
289 977 321 1038 χε
342 950 531 1033 ὕποσέληνσς
556 947 773 1032 μερικοίτατσς,
807 945 855 1013 ότι
876 954 1000 1035 ἔσχατος
1030 953 1082 1017 καί
1102 950 1140 1019 τά

63 1060 130 1142 μέρη
151 1061 263 1124 ἑαυτοῦ
283 1058 362 1144 μόνα
383 1061 539 1143 περιέχων·
569 1061 599 1122 σί
620 1055 653 1122 δέ
681 1059 769 1141 μέσοι
791 1055 940 1142 άνάλοχσν
967 1062 1141 1145 περιέχσασί

61 1191 89 1238 τε
107 1170 154 1234 καί
174 1171 372 1255 περιέχονται.
430 1157 517 1232 Οότιο
537 1165 571 1232 δὲ
590 1167 643 1231 καί
662 1168 714 1233 ε’πλ
733 1170 834 1249 σειράς
853 1169 978 1252 ἑκάστης
1004 1166 1067 1232 ίδοι
1092 1151 1146 1244 τιςΙ

61 1269 93 1336 λι
111 1274 161 1340 τόν
180 1279 422 1363 προτεταγμένον
444 1273 634 1361 δλικάτερσν,
665 1270 720 1342 τόν
740 1273 774 1340 δὲ
795 1275 1036 1360 ὑποτεταγμένον
1054 1299 1138 1363 μερι-

60 1379 188 1466 κοίεερον.
646 1381 652 1398 ’

79 1551 86 1568 ρ
124 1485 196 1557 “Eri
216 1490 252 1556 δὲ
274 1496 376 1574 ἕτερον
397 1489 529 1573 λέγωμεν
548 1491 617 1575 περί
637 1487 700 1556 τῶν
723 1489 837 1566 αἰτῶν,
861 1489 900 1566 ὥς
929 1495 956 1555 εἰ
980 1490 1036 1576 μὲν
1055 1492 1139 1558 είποι

56 1623 93 1672 τις
103 1596 154 1664 τόν
171 1596 406 1684 δημιουρχὸν
419 1597 445 1680 ⁴)
469 1593 543 1664 όλσν
555 1595 666 1682 κόσμον
675 1595 735 1663 άπό
749 1603 805 1664 τσῦ
820 1603 1015 1664 τιτανικσῦ
1031 1600 1137 1682 προελ-

56 1714 129 1786 θεῖν,
162 1712 193 1773 σί
221 1709 282 1772 νῦν
309 1705 349 1791 δὴ
368 1710 516 1792 ῥηθέντες
538 1703 702 1790 ίιρμόσουσι
722 1703 810 1788 λόχοι
830 1705 898 1788 περί
920 1709 981 1770 τῶν
1000 1705 1134 1790 κόσμων·
1221 1749 1228 1762 1

55 1811 121 1877 εἰδὲ
133 1810 195 1879 άπό
218 1823 253 1882 Κ
259 1811 372 1897 ρόνσυ
394 1813 447 1879 τόν
467 1813 538 1878 Διὰ
558 1811 686 1898 παράχοι
699 1839 760 1891 τις,
783 1814 867 1896 ίσμεν
881 1805 927 1876 ότι
943 1810 1018 1894 μετὰ
1034 1811 1135 1881 άλλων

53 1919 166 1988 πολλῶν
186 1922 202 1986 ὃ
227 1920 303 1995 Ζεὺς
313 1917 508 2006 ἂπόΚρόνσα
527 1923 666 2001 χεννᾶται
685 1923 737 1986 καί
754 1918 840 2002 παρὰ
853 1932 919 1996 τοῖς
932 1915 1058 2007 Ἕλλησι
1082 1926 1134 1990 καί

53 2024 127 2110 παρά
141 2041 208 2103 τοῖς
221 2025 401 2114 βαρβάροις,
421 2027 460 2102 ὥς
475 2023 537 2092 ἀπό
548 2030 607 2092 τοῦ
621 2027 791 2112 οὐρανοῦ
807 2023 899 2093 πάλιν
910 2025 985 2110 μετὰ
999 2025 1101 2096 ἄλλων
1116 2030 1132 2095 ό

51 2133 208 2218 Κρόνος,
234 2125 516 2202 καίαῦπάλινάπό
530 2133 749 2218 μέντσῦΔιὸς,
770 2133 971 2210 Διόνυσος.
1002 2135 1089 2202 Είδὲ
1103 2143 1134 2204 σί
1153 2164 1215 2232 pag.

50 2241 97 2323 μὲν
115 2242 194 2310 κατὰ
212 2247 291 2329 μέρη
314 2240 536 2326 διανειμάμενοι
556 2237 612 2308 τόν
643 2234 719 2306 όλσν
738 2245 854 2327 πατέρα
875 2248 1016 2322 ἕκαστον,
1049 2249 1079 2310 οἱ
1100 2244 1134 2312 δέ
1156 2217 1213 2272 ¹⁰⁰⁸

49 2350 202 2429 μονοειδῶς
224 2348 281 2432 ἀφ’
300 2341 372 2416 ’όλου
392 2345 614 2432 προελθόντες·
642 2343 691 2412 διό
707 2349 758 2412 καί
779 2344 916 2432 διάδοχοι
938 2343 1023 2414 οὗτοι
1041 2359 1135 2418 καθί-

48 2482 167 2524 στανται
180 2464 247 2549 τῶν
268 2460 468 2541 πατρικῶν
487 2456 711 2543 βασιλειῶν,
733 2454 824 2521 οὐδέν
833 2461 925 2523 τοῦτο
936 2459 1134 2547 παραδραόει

48 2560 98 2648 τη“ν
111 2569 170 2630 τοῦ
191 2566 289 2651 λόχου
310 2563 472 2648 ἀληθειαν.
509 2562 544 2628 Ὁ
565 2561 621 2648 γάρ
642 2561 739 2638 Ζεός
759 2563 830 2648 φέρε
851 2569 946 2629 εἰπεῖν
965 2563 1037 2642 τούς
1059 2569 1134 2634 πολ·

46 2667 115 2748 λσός
134 2671 195 2756 ἀφ’.
214 2673 329 2738 ἑαυτοῦ
349 2666 532 2755 παραχαχόιν
552 2665 630 2734 κατά
657 2673 731 2754 μέρη
753 2666 864 2750 θεοὺς,
894 2671 945 2736 έπί
972 2668 1069 2758 τοότῳ
1092 2678 1134 2761 τηῖ

47 2776 176 2846 όλστελεϊ
195 2780 334 2864 μερισμῷ
356 2774 411 2852 τόν
430 2773 602 2862 μεριστικην
623 2772 753 2860 όλότητα
774 2779 961 2862 παρήγαγεν,
989 2783 1040 2844 καλ
1061 2780 1133 2861 τόὺς

42 2883 97 2952 ὑπό
115 2887 213 2982 ταότη
236 2881 376 2961 πολλοὺς
394 2889 594 2969 τεταγμένους
613 2883 725 2966 θεοσίς.Ι
752 2879 800 2950 ’Ἠ
813 2884 880 2970 σῦχί
899 2887 951 2950 καλ
972 2885 1043 2964 τοὺς
1068 2896 1132 2956 Τί-
1227 2883 1236 2937 ·’

44 3019 158 3072 τανας
181 2996 199 3059 δ
221 2989 300 3068 Ζεός
321 2995 475 3077 έχέννησεν
496 2996 528 3057 έν
549 2994 592 3076 τηῖ
613 2992 711 3073 σίκείῳ
726 2987 877 3074 διακόσμῳ
895 2990 972 3056 κατά
993 2988 1132 3080 τηνὈρ·

44 3098 128 3186 φικη
136 3128 155 3167 ν
178 3098 377 3185 παράδοσιν;
400 3091 478 3163 οἱίτω
497 3093 536 3183 δὴ
554 3100 604 3163 καί
622 3098 637 3162 ὃ
657 3093 805 3182 Κρόνος
826 3099 878 3164 ἐπὶ
892 3099 992 3188 πολλῇ
1004 3103 1132 3190 χενεᾷῖ)

42 3211 78 3303 ιη’
96 3207 276 3295 πρότερον,
288 3210 336 3272 ἐπ’
356 3203 470 3291 ἐσχάτῳ
492 3203 621 3290 παράχει
641 3201 693 3271 τόν
714 3194 785 3270 ’όλον
805 3203 921 3290 διίστῆς
933 3207 1034 3293 ἑτέρας
1048 3207 1138 3296 ἐξάρ-’

42 3340 125 3397 χοντα
145 3315 333 3404 βασιλείας·
355 3309 393 3378 τά
416 3312 450 3378 δέ
466 3306 556 3397 λίμσια
570 3313 620 3376 καὶ
632 3308 686 3377 τόν
701 3307 826 3396 οὐρανόν
844 3311 1015 3394 όφιστῶντα
1032 3335 1132 3398 παρα-

40 3418 140 3490 δίδωσι
160 3421 244 3508 μετά
265 3419 339 3495 τσοίς
358 3415 470 3495 ἄλλους
504 3417 736 3502 Οὐρανίδας,
767 3417 822 3485 τὸν
845 3420 967 3503 Κρόνον
995 3424 1130 3507 ἔσχατον,

40 3532 87 3595 κοί
117 3530 388 3598 ίιντιπλεονεκτείν
423 3522 475 3594 διά
502 3531 595 3593 τοῦτο
621 3522 704 3610 πρός
740 3525 890 3610 ἀλλήλους
924 3532 1031 3613 ῥητέον
1060 3527 1130 3608 τοός

35 3643 286 3728 παραγομένους,
305 3632 382 3712 τσός
400 3635 454 3721 μὲν
476 3634 563 3712 όντας
583 3639 614 3702 ἐν
634 3640 677 3722 τῷ
697 3637 791 3721 πατρί
811 3637 862 3700 καὶ
874 3633 957 3720 παρά
969 3637 1010 3722 τῷ
1026 3643 1129 3724 πατρί,

98 3877 130 3940 ίι)
152 3871 238 3925 Μοπ.
261 3865 456 3938 δημιουργικὸν.
483 3862 598 3918 Inferius
613 3863 769 3936 παραγαγὼν
786 3863 841 3916 καὶ
857 3862 896 3914 τά
913 3867 978 3934 μέρη
998 3865 1128 3927 θεοὺς...

35 3939 77 4008 τὴν
93 3939 240 4014 μεριστήν.
269 3966 302 3978 -
333 3936 361 3994 5)
381 3937 455 3990 Mon.
472 3939 558 4021 χέννρ.
581 3935 647 3986 Mox
665 3935 684 3987 l.
705 3952 730 3984 v.
749 3934 796 3986 τὸν
821 3931 882 3984 ὅλον
901 3935 954 3987 Δία
977 3937 1041 4006 (pro
1060 3936 1127 4004 διὰ).

35 4011 108 4068 Mon.
126 4010 273 4086 μερικωτέ
286 4026 317 4067 ας
334 4007 363 4059 δὲ
377 4003 447 4076 ὅμως
471 4024 557 4065 οντας.
597 4001 653 4058 Pro
678 4007 704 4056 ολ
722 4003 797 4074 λόχοι
814 4004 854 4054 εἰσ
873 4001 952 4055 'idem
976 4001 1034 4059 ὅλοι
1053 4017 1080 4060 et
1102 4006 1130 4060 in

33 4095 136 4138 summo
150 4096 247 4152 marg.
270 4026 353 4147 λόγον
369 4075 418 4132 uic.
444 4073 510 4129 Mox
526 4071 625 4128 Hmb.
643 4071 695 4127 άπὸ
712 4075 759 4142 τῆς
776 4070 856 4142 οὔσης
871 4087 924 4145 pro
942 4074 1026 4142 ίοης.ι
