<?xml version="1.0" encoding="UTF-8"?>
<!DOCTYPE html PUBLIC "-//W3C//DTD XHTML 1.0 Transitional//EN"
    "http://www.w3.org/TR/xhtml1/DTD/xhtml1-transitional.dtd">
<html xmlns="http://www.w3.org/1999/xhtml" xml:lang="en" lang="en">
 <head>
  <title>
</title>
<meta http-equiv="Content-Type" content="text/html;charset=utf-8" />
  <meta name='ocr-system' content='tesseract 3.04.00' />
  <meta name='ocr-capabilities' content='ocr_page ocr_carea ocr_par ocr_line ocrx_word'/>
</head>
<body>
  <div class='ocr_page' id='page_1' title='image "./gdamaskoudiadho00damagoog_0249.png"; bbox 0 0 2770 4840; ppageno 0'>
   <div class='ocr_carea' id='block_1_1' title="bbox 1086 311 1157 393">
    <p class='ocr_par' dir='ltr' id='par_1_1' title="bbox 1086 311 1157 393">
     <span class='ocr_line' id='line_1_1' title="bbox 1086 311 1157 393; baseline -0.042 -23"><span class='ocrx_word' id='word_1_1' title='bbox 1086 311 1157 393; x_wconf 79' lang='grc' dir='ltr'><strong><em>ινφ</em></strong></span> 
     </span>
    </p>
   </div>
   <div class='ocr_carea' id='block_1_2' title="bbox 41 483 1208 3916">
    <p class='ocr_par' dir='ltr' id='par_1_2' title="bbox 41 483 1208 3916">
     <span class='ocr_line' id='line_1_2' title="bbox 62 483 1154 574; baseline 0.001 -23"><span class='ocrx_word' id='word_1_2' title='bbox 62 489 283 574; x_wconf 85' lang='grc' dir='ltr'><strong><em>προπομπεῦον</em></strong></span> <span class='ocrx_word' id='word_1_3' title='bbox 297 491 352 554; x_wconf 88' lang='grc' dir='ltr'><strong><em>τοῦ</em></strong></span> <span class='ocrx_word' id='word_1_4' title='bbox 372 486 460 562; x_wconf 76' lang='grc' dir='ltr'><strong><em>ὄντος</em></strong></span> <span class='ocrx_word' id='word_1_5' title='bbox 474 485 634 570; x_wconf 70' lang='grc' dir='ltr'><strong><em>γιγνώσκοι</em></strong></span> <span class='ocrx_word' id='word_1_6' title='bbox 655 489 673 554; x_wconf 84' lang='grc' dir='ltr'><strong><em>ὃ</em></strong></span> <span class='ocrx_word' id='word_1_7' title='bbox 693 491 782 568; x_wconf 86' lang='grc' dir='ltr'><strong><em>νοῦς,</em></strong></span> <span class='ocrx_word' id='word_1_8' title='bbox 802 486 870 554; x_wconf 66' lang='grc' dir='ltr'><strong><em>αἰόλ’</em></strong></span> <span class='ocrx_word' id='word_1_9' title='bbox 892 489 947 556; x_wconf 86' lang='grc' dir='ltr'><strong><em>οῦκ</em></strong></span> <span class='ocrx_word' id='word_1_10' title='bbox 960 485 1056 571; x_wconf 49' lang='lat' dir='ltr'><strong><em>aino}</em></strong></span> <span class='ocrx_word' id='word_1_11' title='bbox 1075 483 1154 552; x_wconf 73' lang='grc' dir='ltr'><strong><em>κατὰ</em></strong></span> 
     </span>
     <span class='ocr_line' id='line_1_3' title="bbox 61 591 1152 680; baseline 0.001 -22"><span class='ocrx_word' id='word_1_12' title='bbox 61 597 163 675; x_wconf 86' lang='grc' dir='ltr'><strong><em>μέντοι</em></strong></span> <span class='ocrx_word' id='word_1_13' title='bbox 181 591 219 660; x_wconf 85' lang='grc' dir='ltr'><strong><em>τό</em></strong></span> <span class='ocrx_word' id='word_1_14' title='bbox 243 593 343 678; x_wconf 82' lang='grc' dir='ltr'><strong><em>φανόν</em></strong></span> <span class='ocrx_word' id='word_1_15' title='bbox 361 594 461 661; x_wconf 85' lang='grc' dir='ltr'><strong><em>αῦτοῦ</em></strong></span> <span class='ocrx_word' id='word_1_16' title='bbox 488 594 607 679; x_wconf 83' lang='grc' dir='ltr'><strong><em>ἐλέγετο</em></strong></span> <span class='ocrx_word' id='word_1_17' title='bbox 628 594 714 662; x_wconf 81' lang='grc' dir='ltr'><strong><em>εἶναι.</em></strong></span> <span class='ocrx_word' id='word_1_18' title='bbox 767 599 870 662; x_wconf 84' lang='grc' dir='ltr'><strong><em>Τοῦτο</em></strong></span> <span class='ocrx_word' id='word_1_19' title='bbox 891 593 931 680; x_wconf 77' lang='grc' dir='ltr'><em>δὴ</em></span> <span class='ocrx_word' id='word_1_20' title='bbox 952 593 989 660; x_wconf 88' lang='grc' dir='ltr'><strong><em>τδ</em></strong></span> <span class='ocrx_word' id='word_1_21' title='bbox 1012 618 1152 678; x_wconf 88' lang='grc' dir='ltr'><strong><em>προπομ-</em></strong></span> 
     </span>
     <span class='ocr_line' id='line_1_4' title="bbox 56 699 1150 788; baseline 0.001 -23"><span class='ocrx_word' id='word_1_22' title='bbox 56 706 155 767; x_wconf 85' lang='grc' dir='ltr'><strong><em>πεῦον</em></strong></span> <span class='ocrx_word' id='word_1_23' title='bbox 175 707 233 767; x_wconf 85' lang='grc' dir='ltr'><strong><em>τοῦ</em></strong></span> <span class='ocrx_word' id='word_1_24' title='bbox 254 701 339 779; x_wconf 79' lang='grc' dir='ltr'><strong><em>ὄντος</em></strong></span> <span class='ocrx_word' id='word_1_25' title='bbox 359 705 402 785; x_wconf 83' lang='lat'><strong><em>¹⁹)</em></strong></span> <span class='ocrx_word' id='word_1_26' title='bbox 420 699 595 788; x_wconf 69' lang='grc' dir='ltr'><strong><em>γιγνώσκοι,</em></strong></span> <span class='ocrx_word' id='word_1_27' title='bbox 615 702 683 767; x_wconf 78' lang='grc' dir='ltr'><strong><em>ἀλλ’</em></strong></span> <span class='ocrx_word' id='word_1_28' title='bbox 704 702 769 786; x_wconf 79' lang='grc' dir='ltr'><strong><em>οὐχὶ</em></strong></span> <span class='ocrx_word' id='word_1_29' title='bbox 790 700 940 786; x_wconf 74' lang='grc' dir='ltr'><strong><em>ιίπόρίῥαιά</em></strong></span> <span class='ocrx_word' id='word_1_30' title='bbox 958 729 1005 777; x_wconf 86' lang='grc' dir='ltr'><strong><em>τις</em></strong></span> <span class='ocrx_word' id='word_1_31' title='bbox 1025 701 1080 766; x_wconf 77' lang='grc' dir='ltr'><strong><em>ἄπ’</em></strong></span> <span class='ocrx_word' id='word_1_32' title='bbox 1093 700 1150 766; x_wconf 84' lang='grc' dir='ltr'><strong><em>αιί-</em></strong></span> 
     </span>
     <span class='ocr_line' id='line_1_5' title="bbox 56 808 1150 895; baseline 0.001 -22"><span class='ocrx_word' id='word_1_33' title='bbox 56 811 125 888; x_wconf 85' lang='grc' dir='ltr'><strong><em>τυῦ,</em></strong></span> <span class='ocrx_word' id='word_1_34' title='bbox 148 809 191 885; x_wconf 75' lang='grc' dir='ltr'><strong><em>ὥς</em></strong></span> <span class='ocrx_word' id='word_1_35' title='bbox 212 809 263 892; x_wconf 81' lang='grc' dir='ltr'><strong><em>ἇφ’</em></strong></span> <span class='ocrx_word' id='word_1_36' title='bbox 283 811 375 895; x_wconf 74' lang='grc' dir='ltr'><strong><em>ἡλίου</em></strong></span> <span class='ocrx_word' id='word_1_37' title='bbox 397 809 433 875; x_wconf 83' lang='grc' dir='ltr'><strong><em>τὸ</em></strong></span> <span class='ocrx_word' id='word_1_38' title='bbox 453 815 603 893; x_wconf 84' lang='grc' dir='ltr'><strong><em>περίγειον</em></strong></span> <span class='ocrx_word' id='word_1_39' title='bbox 623 815 705 892; x_wconf 83' lang='grc' dir='ltr'><strong><em>φιῖις,</em></strong></span> <span class='ocrx_word' id='word_1_40' title='bbox 725 809 793 874; x_wconf 74' lang='grc' dir='ltr'><strong><em>ἀλλ’</em></strong></span> <span class='ocrx_word' id='word_1_41' title='bbox 815 809 856 884; x_wconf 80' lang='grc' dir='ltr'><strong><em>ῦς</em></strong></span> <span class='ocrx_word' id='word_1_42' title='bbox 875 811 906 875; x_wconf 81' lang='grc' dir='ltr'><strong><em>εἰ</em></strong></span> <span class='ocrx_word' id='word_1_43' title='bbox 923 835 970 884; x_wconf 90' lang='grc' dir='ltr'><strong><em>τις</em></strong></span> <span class='ocrx_word' id='word_1_44' title='bbox 994 809 1071 894; x_wconf 78' lang='grc' dir='ltr'><strong><em>δρῦν</em></strong></span> <span class='ocrx_word' id='word_1_45' title='bbox 1096 808 1150 874; x_wconf 80' lang='grc' dir='ltr'><strong><em>τόν</em></strong></span> 
     </span>
     <span class='ocr_line' id='line_1_6' title="bbox 54 907 1148 1004; baseline -0.002 -22"><span class='ocrx_word' id='word_1_46' title='bbox 54 907 141 996; x_wconf 68' lang='grc' dir='ltr'><strong><em>ἥλιον</em></strong></span> <span class='ocrx_word' id='word_1_47' title='bbox 163 913 256 983; x_wconf 75' lang='grc' dir='ltr'><strong><em>αὐτόν</em></strong></span> <span class='ocrx_word' id='word_1_48' title='bbox 275 915 352 982; x_wconf 84' lang='grc' dir='ltr'><strong><em>κατά</em></strong></span> <span class='ocrx_word' id='word_1_49' title='bbox 373 914 430 1001; x_wconf 77' lang='grc' dir='ltr'><strong><em>τὴν</em></strong></span> <span class='ocrx_word' id='word_1_50' title='bbox 447 920 480 982; x_wconf 81' lang='grc' dir='ltr'><strong><em>ἐν</em></strong></span> <span class='ocrx_word' id='word_1_51' title='bbox 499 916 588 1002; x_wconf 79' lang='grc' dir='ltr'><strong><em>αῦτῷ</em></strong></span> <span class='ocrx_word' id='word_1_52' title='bbox 608 907 808 1004; x_wconf 80' lang='grc' dir='ltr'><strong><em>λαμπρότητα</em></strong></span> <span class='ocrx_word' id='word_1_53' title='bbox 826 922 879 1000; x_wconf 74' lang='grc' dir='ltr'><strong><em>τῆς</em></strong></span> <span class='ocrx_word' id='word_1_54' title='bbox 899 915 1025 1000; x_wconf 83' lang='grc' dir='ltr'><strong><em>φάσεως.</em></strong></span> <span class='ocrx_word' id='word_1_55' title='bbox 1067 914 1148 980; x_wconf 83' lang='grc' dir='ltr'><strong><em>Οῦκ-</em></strong></span> 
     </span>
     <span class='ocr_line' id='line_1_7' title="bbox 55 1020 1146 1110; baseline 0 -22"><span class='ocrx_word' id='word_1_56' title='bbox 55 1027 112 1098; x_wconf 82' lang='grc' dir='ltr'><strong><em>οῦν</em></strong></span> <span class='ocrx_word' id='word_1_57' title='bbox 130 1020 168 1088; x_wconf 88' lang='grc' dir='ltr'><strong><em>τό</em></strong></span> <span class='ocrx_word' id='word_1_58' title='bbox 189 1024 342 1106; x_wconf 72' lang='grc' dir='ltr'><strong><em>ἐπιπολῆς</em></strong></span> <span class='ocrx_word' id='word_1_59' title='bbox 368 1025 529 1107; x_wconf 74' lang='grc' dir='ltr'><strong><em>γιγνώσκει</em></strong></span> <span class='ocrx_word' id='word_1_60' title='bbox 556 1025 663 1106; x_wconf 83' lang='grc' dir='ltr'><strong><em>μόνον,</em></strong></span> <span class='ocrx_word' id='word_1_61' title='bbox 691 1026 773 1109; x_wconf 83' lang='grc' dir='ltr'><strong><em>εἰπερ</em></strong></span> <span class='ocrx_word' id='word_1_62' title='bbox 801 1025 841 1099; x_wconf 80' lang='grc' dir='ltr'><strong><em>ὡς</em></strong></span> <span class='ocrx_word' id='word_1_63' title='bbox 859 1025 963 1110; x_wconf 79' lang='grc' dir='ltr'><strong><em>χρῶμά</em></strong></span> <span class='ocrx_word' id='word_1_64' title='bbox 982 1048 1013 1088; x_wconf 91' lang='grc' dir='ltr'><strong><em>τι</em></strong></span> <span class='ocrx_word' id='word_1_65' title='bbox 1041 1021 1146 1106; x_wconf 85' lang='grc' dir='ltr'><strong><em>γιγνά-</em></strong></span> 
     </span>
     <span class='ocr_line' id='line_1_8' title="bbox 54 1125 1147 1214; baseline -0.002 -18"><span class='ocrx_word' id='word_1_66' title='bbox 54 1157 122 1196; x_wconf 91' lang='grc' dir='ltr'><strong><em>σκοι</em></strong></span> <span class='ocrx_word' id='word_1_67' title='bbox 142 1130 180 1196; x_wconf 89' lang='grc' dir='ltr'><strong><em>τὸ</em></strong></span> <span class='ocrx_word' id='word_1_68' title='bbox 205 1130 301 1213; x_wconf 85' lang='grc' dir='ltr'><strong><em>φανόν</em></strong></span> <span class='ocrx_word' id='word_1_69' title='bbox 320 1135 380 1196; x_wconf 89' lang='grc' dir='ltr'><strong><em>τοῦ</em></strong></span> <span class='ocrx_word' id='word_1_70' title='bbox 400 1129 501 1210; x_wconf 85' lang='grc' dir='ltr'><strong><em>όντσς,</em></strong></span> <span class='ocrx_word' id='word_1_71' title='bbox 520 1127 547 1212; x_wconf 77' lang='grc' dir='ltr'><em>ἢ</em></span> <span class='ocrx_word' id='word_1_72' title='bbox 574 1130 615 1196; x_wconf 87' lang='grc' dir='ltr'><strong><em>δι’</em></strong></span> <span class='ocrx_word' id='word_1_73' title='bbox 644 1125 731 1196; x_wconf 83' lang='grc' dir='ltr'><strong><em>όλου·</em></strong></span> <span class='ocrx_word' id='word_1_74' title='bbox 757 1129 794 1196; x_wconf 85' lang='grc' dir='ltr'><strong><em>τό</em></strong></span> <span class='ocrx_word' id='word_1_75' title='bbox 823 1129 920 1214; x_wconf 85' lang='grc' dir='ltr'><strong><em>φανὸν</em></strong></span> <span class='ocrx_word' id='word_1_76' title='bbox 945 1133 1071 1214; x_wconf 77' lang='grc' dir='ltr'><strong><em>νοιγτέον</em></strong></span> <span class='ocrx_word' id='word_1_77' title='bbox 1094 1132 1147 1194; x_wconf 82' lang='grc' dir='ltr'><strong><em>καί</em></strong></span> 
     </span>
     <span class='ocr_line' id='line_1_9' title="bbox 51 1234 1145 1324; baseline -0.001 -20"><span class='ocrx_word' id='word_1_78' title='bbox 51 1238 152 1324; x_wconf 81' lang='grc' dir='ltr'><strong><em>μηδὲν</em></strong></span> <span class='ocrx_word' id='word_1_79' title='bbox 173 1239 252 1304; x_wconf 83' lang='grc' dir='ltr'><strong><em>εἶναι</em></strong></span> <span class='ocrx_word' id='word_1_80' title='bbox 272 1236 367 1305; x_wconf 78' lang='grc' dir='ltr'><strong><em>αὐτοῦ</em></strong></span> <span class='ocrx_word' id='word_1_81' title='bbox 387 1235 404 1304; x_wconf 81' lang='grc' dir='ltr'><strong><em>δ</em></strong></span> <span class='ocrx_word' id='word_1_82' title='bbox 423 1234 465 1324; x_wconf 75' lang='grc' dir='ltr'><strong><em>μὴ</em></strong></span> <span class='ocrx_word' id='word_1_83' title='bbox 486 1236 653 1324; x_wconf 75' lang='grc' dir='ltr'><strong><em>διαλάμπει</em></strong></span> <span class='ocrx_word' id='word_1_84' title='bbox 673 1241 725 1304; x_wconf 88' lang='grc' dir='ltr'><strong><em>καί</em></strong></span> <span class='ocrx_word' id='word_1_85' title='bbox 745 1238 869 1305; x_wconf 81' lang='grc' dir='ltr'><strong><em>σπεύδει</em></strong></span> <span class='ocrx_word' id='word_1_86' title='bbox 893 1235 971 1322; x_wconf 86' lang='grc' dir='ltr'><strong><em>πρός</em></strong></span> <span class='ocrx_word' id='word_1_87' title='bbox 990 1241 1145 1321; x_wconf 76' lang='grc' dir='ltr'><strong><em>ἐκφσνσιν,</em></strong></span> 
     </span>
     <span class='ocr_line' id='line_1_10' title="bbox 52 1338 1144 1432; baseline -0.002 -21"><span class='ocrx_word' id='word_1_88' title='bbox 52 1347 94 1422; x_wconf 81' lang='grc' dir='ltr'><strong><em>ὦς</em></strong></span> <span class='ocrx_word' id='word_1_89' title='bbox 114 1353 145 1412; x_wconf 90' lang='grc' dir='ltr'><strong><em>εἰ</em></strong></span> <span class='ocrx_word' id='word_1_90' title='bbox 164 1347 263 1432; x_wconf 85' lang='grc' dir='ltr'><strong><em>λέγοις</em></strong></span> <span class='ocrx_word' id='word_1_91' title='bbox 283 1338 380 1411; x_wconf 78' lang='grc' dir='ltr'><strong><em>δαλον</em></strong></span> <span class='ocrx_word' id='word_1_92' title='bbox 400 1344 420 1432; x_wconf 79' lang='grc' dir='ltr'><em>ἢ</em></span> <span class='ocrx_word' id='word_1_93' title='bbox 441 1373 490 1411; x_wconf 88' lang='grc' dir='ltr'><strong><em>τοι</em></strong></span> <span class='ocrx_word' id='word_1_94' title='bbox 509 1351 572 1412; x_wconf 82' lang='grc' dir='ltr'><strong><em>τῶν</em></strong></span> <span class='ocrx_word' id='word_1_95' title='bbox 591 1346 747 1429; x_wconf 81' lang='grc' dir='ltr'><strong><em>διαφανῦν</em></strong></span> <span class='ocrx_word' id='word_1_96' title='bbox 776 1339 848 1411; x_wconf 82' lang='grc' dir='ltr'><strong><em>δλον</em></strong></span> <span class='ocrx_word' id='word_1_97' title='bbox 875 1342 998 1428; x_wconf 81' lang='grc' dir='ltr'><strong><em>ὁρατόν,</em></strong></span> <span class='ocrx_word' id='word_1_98' title='bbox 1026 1340 1075 1410; x_wconf 80' lang='grc' dir='ltr'><strong><em>δτι</em></strong></span> <span class='ocrx_word' id='word_1_99' title='bbox 1102 1343 1144 1410; x_wconf 89' lang='grc' dir='ltr'><strong><em>δι’</em></strong></span> 
     </span>
     <span class='ocr_line' id='line_1_11' title="bbox 50 1449 1143 1540; baseline -0.003 -22"><span class='ocrx_word' id='word_1_100' title='bbox 50 1449 128 1519; x_wconf 81' lang='grc' dir='ltr'><strong><em>όλου</em></strong></span> <span class='ocrx_word' id='word_1_101' title='bbox 144 1452 339 1540; x_wconf 79' lang='grc' dir='ltr'><strong><em>κεχάρηκενῆ</em></strong></span> <span class='ocrx_word' id='word_1_102' title='bbox 354 1457 411 1517; x_wconf 88' lang='grc' dir='ltr'><strong><em>τοῦ</em></strong></span> <span class='ocrx_word' id='word_1_103' title='bbox 430 1453 545 1536; x_wconf 77' lang='grc' dir='ltr'><strong><em>ὁρατοῦ</em></strong></span> <span class='ocrx_word' id='word_1_104' title='bbox 565 1453 674 1536; x_wconf 82' lang='grc' dir='ltr'><strong><em>φύσις·</em></strong></span> <span class='ocrx_word' id='word_1_105' title='bbox 696 1453 764 1518; x_wconf 71' lang='grc' dir='ltr'><strong><em>ἀλλ’</em></strong></span> <span class='ocrx_word' id='word_1_106' title='bbox 784 1449 862 1534; x_wconf 80' lang='grc' dir='ltr'><strong><em>’όμως</em></strong></span> <span class='ocrx_word' id='word_1_107' title='bbox 883 1461 984 1537; x_wconf 80' lang='grc' dir='ltr'><strong><em>ἕτερον</em></strong></span> <span class='ocrx_word' id='word_1_108' title='bbox 1001 1449 1037 1519; x_wconf 86' lang='grc' dir='ltr'><strong><em>τό</em></strong></span> <span class='ocrx_word' id='word_1_109' title='bbox 1055 1457 1143 1534; x_wconf 82' lang='grc' dir='ltr'><strong><em>οοίμα</em></strong></span> 
     </span>
     <span class='ocr_line' id='line_1_12' title="bbox 48 1543 1156 1648; baseline 0 -22"><span class='ocrx_word' id='word_1_110' title='bbox 48 1563 102 1626; x_wconf 88' lang='grc' dir='ltr'><strong><em>καί</em></strong></span> <span class='ocrx_word' id='word_1_111' title='bbox 122 1558 280 1648; x_wconf 78' lang='grc' dir='ltr'><strong><em>ἕτεροντὸ</em></strong></span> <span class='ocrx_word' id='word_1_112' title='bbox 300 1559 341 1626; x_wconf 86' lang='grc' dir='ltr'><strong><em>δι’</em></strong></span> <span class='ocrx_word' id='word_1_113' title='bbox 361 1554 438 1627; x_wconf 71' lang='grc' dir='ltr'><strong><em>’όλου</em></strong></span> <span class='ocrx_word' id='word_1_114' title='bbox 459 1555 571 1643; x_wconf 90' lang='grc' dir='ltr'><strong><em>φανόν,</em></strong></span> <span class='ocrx_word' id='word_1_115' title='bbox 602 1556 679 1626; x_wconf 71' lang='grc' dir='ltr'><strong><em>ὥστε</em></strong></span> <span class='ocrx_word' id='word_1_116' title='bbox 699 1560 753 1626; x_wconf 74' lang='grc' dir='ltr'><strong><em>κίἰν</em></strong></span> <span class='ocrx_word' id='word_1_117' title='bbox 778 1564 843 1626; x_wconf 78' lang='grc' dir='ltr'><strong><em>ἐκεῖ</em></strong></span> <span class='ocrx_word' id='word_1_118' title='bbox 864 1557 899 1625; x_wconf 86' lang='grc' dir='ltr'><strong><em>τό</em></strong></span> <span class='ocrx_word' id='word_1_119' title='bbox 931 1557 1046 1644; x_wconf 87' lang='grc' dir='ltr'><strong><em>φανόν,</em></strong></span> <span class='ocrx_word' id='word_1_120' title='bbox 1076 1543 1156 1626; x_wconf 68' lang='grc' dir='ltr'><strong><em>ἆλλι</em></strong></span> 
     </span>
     <span class='ocr_line' id='line_1_13' title="bbox 48 1663 1141 1754; baseline -0.002 -20"><span class='ocrx_word' id='word_1_121' title='bbox 48 1667 90 1734; x_wconf 84' lang='grc' dir='ltr'><strong><em>οῦ</em></strong></span> <span class='ocrx_word' id='word_1_122' title='bbox 111 1665 196 1754; x_wconf 78' lang='grc' dir='ltr'><strong><em>παρὰ</em></strong></span> <span class='ocrx_word' id='word_1_123' title='bbox 214 1663 250 1732; x_wconf 85' lang='grc' dir='ltr'><strong><em>τό</em></strong></span> <span class='ocrx_word' id='word_1_124' title='bbox 272 1666 320 1732; x_wconf 83' lang='grc' dir='ltr'><strong><em>όν·</em></strong></span> <span class='ocrx_word' id='word_1_125' title='bbox 342 1669 394 1732; x_wconf 87' lang='grc' dir='ltr'><strong><em>καί</em></strong></span> <span class='ocrx_word' id='word_1_126' title='bbox 414 1671 533 1752; x_wconf 79' lang='grc' dir='ltr'><strong><em>πρῶτον</em></strong></span> <span class='ocrx_word' id='word_1_127' title='bbox 553 1668 609 1752; x_wconf 80' lang='grc' dir='ltr'><strong><em>μὲν</em></strong></span> <span class='ocrx_word' id='word_1_128' title='bbox 629 1667 771 1754; x_wconf 72' lang='grc' dir='ltr'><strong><em>ἐπανήξει</em></strong></span> <span class='ocrx_word' id='word_1_129' title='bbox 789 1666 825 1732; x_wconf 85' lang='grc' dir='ltr'><strong><em>τό</em></strong></span> <span class='ocrx_word' id='word_1_130' title='bbox 844 1663 921 1732; x_wconf 85' lang='grc' dir='ltr'><strong><em>αιίτδ</em></strong></span> <span class='ocrx_word' id='word_1_131' title='bbox 949 1665 990 1751; x_wconf 72' lang='grc' dir='ltr'><strong><em>μὴ</em></strong></span> <span class='ocrx_word' id='word_1_132' title='bbox 1009 1671 1068 1732; x_wconf 88' lang='grc' dir='ltr'><strong><em>τοῦ</em></strong></span> <span class='ocrx_word' id='word_1_133' title='bbox 1088 1664 1141 1732; x_wconf 82' lang='grc' dir='ltr'><strong><em>όν-</em></strong></span> 
     </span>
     <span class='ocr_line' id='line_1_14' title="bbox 48 1771 1139 1859; baseline 0 -21"><span class='ocrx_word' id='word_1_134' title='bbox 48 1799 104 1849; x_wconf 87' lang='grc' dir='ltr'><strong><em>τος</em></strong></span> <span class='ocrx_word' id='word_1_135' title='bbox 122 1771 314 1852; x_wconf 47' lang='grc' dir='ltr'><strong><em>εἶναιμίιλλά</em></strong></span> <span class='ocrx_word' id='word_1_136' title='bbox 336 1776 391 1838; x_wconf 89' lang='grc' dir='ltr'><strong><em>τοῦ</em></strong></span> <span class='ocrx_word' id='word_1_137' title='bbox 411 1779 512 1854; x_wconf 86' lang='grc' dir='ltr'><strong><em>φανοῦ</em></strong></span> <span class='ocrx_word' id='word_1_138' title='bbox 531 1777 636 1858; x_wconf 79' lang='grc' dir='ltr'><strong><em>ἑτέρου</em></strong></span> <span class='ocrx_word' id='word_1_139' title='bbox 669 1771 772 1850; x_wconf 79' lang='grc' dir='ltr'><strong><em>ἰόντος·</em></strong></span> <span class='ocrx_word' id='word_1_140' title='bbox 799 1775 852 1838; x_wconf 85' lang='grc' dir='ltr'><strong><em>καί</em></strong></span> <span class='ocrx_word' id='word_1_141' title='bbox 874 1771 929 1859; x_wconf 78' lang='grc' dir='ltr'><strong><em>γὰρ</em></strong></span> <span class='ocrx_word' id='word_1_142' title='bbox 953 1776 1012 1838; x_wconf 87' lang='grc' dir='ltr'><strong><em>τοῦ</em></strong></span> <span class='ocrx_word' id='word_1_143' title='bbox 1041 1775 1139 1856; x_wconf 80' lang='grc' dir='ltr'><strong><em>πάντη</em></strong></span> 
     </span>
     <span class='ocr_line' id='line_1_15' title="bbox 45 1873 1138 1969; baseline 0 -23"><span class='ocrx_word' id='word_1_144' title='bbox 45 1882 220 1963; x_wconf 79' lang='grc' dir='ltr'><strong><em>διαφανοῦς</em></strong></span> <span class='ocrx_word' id='word_1_145' title='bbox 241 1880 277 1946; x_wconf 81' lang='grc' dir='ltr'><strong><em>οὗ</em></strong></span> <span class='ocrx_word' id='word_1_146' title='bbox 297 1876 332 1946; x_wconf 89' lang='grc' dir='ltr'><strong><em>τό</em></strong></span> <span class='ocrx_word' id='word_1_147' title='bbox 352 1883 440 1964; x_wconf 77' lang='grc' dir='ltr'><strong><em>σῶμα</em></strong></span> <span class='ocrx_word' id='word_1_148' title='bbox 461 1880 584 1969; x_wconf 73' lang='grc' dir='ltr'><strong><em>ὁρατόν,</em></strong></span> <span class='ocrx_word' id='word_1_149' title='bbox 605 1877 684 1946; x_wconf 75' lang='grc' dir='ltr'><strong><em>ἄλλά</em></strong></span> <span class='ocrx_word' id='word_1_150' title='bbox 704 1879 739 1945; x_wconf 87' lang='grc' dir='ltr'><strong><em>τό</em></strong></span> <span class='ocrx_word' id='word_1_151' title='bbox 758 1883 861 1967; x_wconf 78' lang='grc' dir='ltr'><strong><em>χρῶμα</em></strong></span> <span class='ocrx_word' id='word_1_152' title='bbox 882 1873 983 1963; x_wconf 87' lang='grc' dir='ltr'><strong><em>μόνον.</em></strong></span> <span class='ocrx_word' id='word_1_153' title='bbox 1010 1877 1138 1946; x_wconf 79' lang='grc' dir='ltr'><strong><em>Ἔπειτα</em></strong></span> 
     </span>
     <span class='ocr_line' id='line_1_16' title="bbox 46 1971 1137 2074; baseline -0.002 -19"><span class='ocrx_word' id='word_1_154' title='bbox 46 1989 224 2074; x_wconf 81' lang='grc' dir='ltr'><strong><em>διοριοῦμεν</em></strong></span> <span class='ocrx_word' id='word_1_155' title='bbox 244 1993 276 2054; x_wconf 81' lang='grc' dir='ltr'><strong><em>ἓν</em></strong></span> <span class='ocrx_word' id='word_1_156' title='bbox 295 1994 338 2074; x_wconf 79' lang='grc' dir='ltr'><strong><em>τῷ</em></strong></span> <span class='ocrx_word' id='word_1_157' title='bbox 361 1987 461 2073; x_wconf 78' lang='grc' dir='ltr'><strong><em>πάντη</em></strong></span> <span class='ocrx_word' id='word_1_158' title='bbox 483 1988 642 2074; x_wconf 80' lang='grc' dir='ltr'><strong><em>άδιορίοτῳ</em></strong></span> <span class='ocrx_word' id='word_1_159' title='bbox 671 1985 749 2054; x_wconf 71' lang='grc' dir='ltr'><strong><em>ἄλλο</em></strong></span> <span class='ocrx_word' id='word_1_160' title='bbox 773 1989 827 2073; x_wconf 79' lang='grc' dir='ltr'><strong><em>μὲν</em></strong></span> <span class='ocrx_word' id='word_1_161' title='bbox 853 1985 890 2054; x_wconf 87' lang='grc' dir='ltr'><strong><em>τό</em></strong></span> <span class='ocrx_word' id='word_1_162' title='bbox 918 1984 1032 2071; x_wconf 79' lang='grc' dir='ltr'><strong><em>φανόν,</em></strong></span> <span class='ocrx_word' id='word_1_163' title='bbox 1061 1971 1137 2054; x_wconf 77' lang='grc' dir='ltr'><strong><em>δλλο</em></strong></span> 
     </span>
     <span class='ocr_line' id='line_1_17' title="bbox 45 2092 1137 2181; baseline -0.002 -19"><span class='ocrx_word' id='word_1_164' title='bbox 45 2097 83 2162; x_wconf 82' lang='grc' dir='ltr'><strong><em>δὲ</em></strong></span> <span class='ocrx_word' id='word_1_165' title='bbox 102 2093 140 2163; x_wconf 85' lang='grc' dir='ltr'><strong><em>τό</em></strong></span> <span class='ocrx_word' id='word_1_166' title='bbox 163 2095 212 2176; x_wconf 83' lang='grc' dir='ltr'><strong><em>ἰίν,</em></strong></span> <span class='ocrx_word' id='word_1_167' title='bbox 234 2097 300 2163; x_wconf 77' lang='grc' dir='ltr'><strong><em>οἷον</em></strong></span> <span class='ocrx_word' id='word_1_168' title='bbox 319 2101 363 2181; x_wconf 77' lang='grc' dir='ltr'><strong><em>τῷ</em></strong></span> <span class='ocrx_word' id='word_1_169' title='bbox 384 2100 471 2180; x_wconf 76' lang='grc' dir='ltr'><strong><em>φανῶ</em></strong></span> <span class='ocrx_word' id='word_1_170' title='bbox 490 2094 526 2163; x_wconf 84' lang='grc' dir='ltr'><strong><em>τό</em></strong></span> <span class='ocrx_word' id='word_1_171' title='bbox 548 2096 760 2181; x_wconf 71' lang='grc' dir='ltr'><strong><em>ὑποκείμενον,</em></strong></span> <span class='ocrx_word' id='word_1_172' title='bbox 789 2092 813 2181; x_wconf 76' lang='grc' dir='ltr'><em>ἢ</em></span> <span class='ocrx_word' id='word_1_173' title='bbox 841 2094 1034 2176; x_wconf 75' lang='grc' dir='ltr'><strong><em>ὃπωςδὴποτε</em></strong></span> <span class='ocrx_word' id='word_1_174' title='bbox 1068 2094 1137 2161; x_wconf 92' lang='grc' dir='ltr'><strong><em>δια-</em></strong></span> 
     </span>
     <span class='ocr_line' id='line_1_18' title="bbox 46 2181 1137 2292; baseline -0.002 -22"><span class='ocrx_word' id='word_1_175' title='bbox 46 2209 142 2292; x_wconf 82' lang='grc' dir='ltr'><strong><em>φέρον</em></strong></span> <span class='ocrx_word' id='word_1_176' title='bbox 173 2203 275 2289; x_wconf 81' lang='grc' dir='ltr'><strong><em>αὗτοῦ.</em></strong></span> <span class='ocrx_word' id='word_1_177' title='bbox 308 2203 357 2270; x_wconf 84' lang='grc' dir='ltr'><strong>Ἤ</strong></span> <span class='ocrx_word' id='word_1_178' title='bbox 378 2197 436 2269; x_wconf 84' lang='grc' dir='ltr'><strong><em>ὧδε</em></strong></span> <span class='ocrx_word' id='word_1_179' title='bbox 461 2208 568 2289; x_wconf 76' lang='grc' dir='ltr'><strong><em>ῥητέον</em></strong></span> <span class='ocrx_word' id='word_1_180' title='bbox 591 2200 669 2288; x_wconf 85' lang='grc' dir='ltr'><strong><em>πρός</em></strong></span> <span class='ocrx_word' id='word_1_181' title='bbox 693 2208 806 2283; x_wconf 90' lang='grc' dir='ltr'><strong><em>ταῦτα,</em></strong></span> <span class='ocrx_word' id='word_1_182' title='bbox 831 2203 871 2279; x_wconf 80' lang='grc' dir='ltr'><strong><em>ὡς</em></strong></span> <span class='ocrx_word' id='word_1_183' title='bbox 895 2200 931 2270; x_wconf 90' lang='grc' dir='ltr'><strong><em>τό</em></strong></span> <span class='ocrx_word' id='word_1_184' title='bbox 958 2201 993 2268; x_wconf 86' lang='grc' dir='ltr'><strong><em>όν</em></strong></span> <span class='ocrx_word' id='word_1_185' title='bbox 1019 2181 1137 2269; x_wconf 82' lang='grc' dir='ltr'><strong><em>αῦτὸό</em></strong></span> 
     </span>
     <span class='ocr_line' id='line_1_19' title="bbox 44 2301 1137 2406; baseline -0.003 -29"><span class='ocrx_word' id='word_1_186' title='bbox 44 2317 129 2378; x_wconf 79' lang='grc' dir='ltr'><strong><em>ἔστιν</em></strong></span> <span class='ocrx_word' id='word_1_187' title='bbox 158 2301 180 2399; x_wconf 82' lang='grc' dir='ltr'><em>ᾗ</em></span> <span class='ocrx_word' id='word_1_188' title='bbox 205 2309 259 2394; x_wconf 80' lang='grc' dir='ltr'><strong><em>μέν</em></strong></span> <span class='ocrx_word' id='word_1_189' title='bbox 276 2309 359 2375; x_wconf 80' lang='grc' dir='ltr'><strong><em>ἀὐτὸ</em></strong></span> <span class='ocrx_word' id='word_1_190' title='bbox 384 2307 475 2394; x_wconf 89' lang='grc' dir='ltr'><strong><em>μόνον</em></strong></span> <span class='ocrx_word' id='word_1_191' title='bbox 505 2337 537 2393; x_wconf 89' lang='grc' dir='ltr'><strong><em>γε</em></strong></span> <span class='ocrx_word' id='word_1_192' title='bbox 563 2307 615 2391; x_wconf 82' lang='grc' dir='ltr'><strong><em>δν,</em></strong></span> <span class='ocrx_word' id='word_1_193' title='bbox 642 2312 695 2376; x_wconf 83' lang='grc' dir='ltr'><strong><em>καί</em></strong></span> <span class='ocrx_word' id='word_1_194' title='bbox 718 2307 893 2394; x_wconf 72' lang='grc' dir='ltr'><strong><em>ἀδιάκριτον</em></strong></span> <span class='ocrx_word' id='word_1_195' title='bbox 919 2313 1026 2392; x_wconf 90' lang='grc' dir='ltr'><strong><em>μόνον,</em></strong></span> <span class='ocrx_word' id='word_1_196' title='bbox 1054 2301 1074 2406; x_wconf 72' lang='grc' dir='ltr'><strong><em>ᾗ</em></strong></span> <span class='ocrx_word' id='word_1_197' title='bbox 1102 2309 1137 2375; x_wconf 79' lang='grc' dir='ltr'><strong><em>δὲ</em></strong></span> 
     </span>
     <span class='ocr_line' id='line_1_20' title="bbox 44 2414 1137 2504; baseline 0 -22"><span class='ocrx_word' id='word_1_198' title='bbox 44 2418 150 2498; x_wconf 79' lang='grc' dir='ltr'><strong><em>διέστη</em></strong></span> <span class='ocrx_word' id='word_1_199' title='bbox 179 2415 277 2482; x_wconf 76' lang='grc' dir='ltr'><strong><em>αὐτοῦ</em></strong></span> <span class='ocrx_word' id='word_1_200' title='bbox 306 2414 322 2481; x_wconf 83' lang='grc' dir='ltr'><em>ὅ</em></span> <span class='ocrx_word' id='word_1_201' title='bbox 347 2421 417 2491; x_wconf 83' lang='grc' dir='ltr'><strong><em>νοῦς</em></strong></span> <span class='ocrx_word' id='word_1_202' title='bbox 448 2417 622 2501; x_wconf 70' lang='grc' dir='ltr'><strong><em>διακριθεὶς</em></strong></span> <span class='ocrx_word' id='word_1_203' title='bbox 649 2417 703 2484; x_wconf 77' lang='grc' dir='ltr'><strong><em>ἄπ’</em></strong></span> <span class='ocrx_word' id='word_1_204' title='bbox 734 2418 834 2484; x_wconf 80' lang='grc' dir='ltr'><strong><em>αὐτοῦ</em></strong></span> <span class='ocrx_word' id='word_1_205' title='bbox 869 2420 920 2484; x_wconf 84' lang='grc' dir='ltr'><strong><em>καί</em></strong></span> <span class='ocrx_word' id='word_1_206' title='bbox 952 2420 1069 2504; x_wconf 78' lang='grc' dir='ltr'><strong><em>ἐγένετο</em></strong></span> <span class='ocrx_word' id='word_1_207' title='bbox 1099 2417 1137 2482; x_wconf 80' lang='grc' dir='ltr'><strong><em>οιί</em></strong></span> 
     </span>
     <span class='ocr_line' id='line_1_21' title="bbox 43 2520 1135 2611; baseline 0.001 -20"><span class='ocrx_word' id='word_1_208' title='bbox 43 2525 139 2610; x_wconf 87' lang='grc' dir='ltr'><strong><em>μόνον</em></strong></span> <span class='ocrx_word' id='word_1_209' title='bbox 159 2520 335 2608; x_wconf 83' lang='grc' dir='ltr'><strong><em>ιίδιάκριτον</em></strong></span> <span class='ocrx_word' id='word_1_210' title='bbox 354 2522 436 2588; x_wconf 83' lang='grc' dir='ltr'><strong><em>άλλὰ</em></strong></span> <span class='ocrx_word' id='word_1_211' title='bbox 453 2528 504 2590; x_wconf 80' lang='grc' dir='ltr'><strong><em>καὶ</em></strong></span> <span class='ocrx_word' id='word_1_212' title='bbox 521 2525 745 2610; x_wconf 83' lang='grc' dir='ltr'><strong><em>διακεκριμένου</em></strong></span> <span class='ocrx_word' id='word_1_213' title='bbox 777 2526 1012 2611; x_wconf 77' lang='grc' dir='ltr'><strong><em>διακεκριμένον,</em></strong></span> <span class='ocrx_word' id='word_1_214' title='bbox 1035 2532 1063 2592; x_wconf 89' lang='grc' dir='ltr'><strong><em>εἰ</em></strong></span> <span class='ocrx_word' id='word_1_215' title='bbox 1083 2521 1135 2592; x_wconf 80' lang='grc' dir='ltr'><strong><em>καί</em></strong></span> 
     </span>
     <span class='ocr_line' id='line_1_22' title="bbox 41 2627 1134 2720; baseline -0.001 -22"><span class='ocrx_word' id='word_1_216' title='bbox 41 2631 77 2700; x_wconf 89' lang='grc' dir='ltr'><strong><em>τό</em></strong></span> <span class='ocrx_word' id='word_1_217' title='bbox 100 2633 329 2714; x_wconf 83' lang='grc' dir='ltr'><strong><em>διακεκριμένον</em></strong></span> <span class='ocrx_word' id='word_1_218' title='bbox 359 2633 443 2718; x_wconf 78' lang='grc' dir='ltr'><strong><em>ἔσχεν</em></strong></span> <span class='ocrx_word' id='word_1_219' title='bbox 470 2631 511 2708; x_wconf 78' lang='grc' dir='ltr'><strong><em>εἰς</em></strong></span> <span class='ocrx_word' id='word_1_220' title='bbox 532 2633 704 2720; x_wconf 74' lang='grc' dir='ltr'><strong><em>ἀδιάκριτον</em></strong></span> <span class='ocrx_word' id='word_1_221' title='bbox 722 2632 851 2700; x_wconf 78' lang='grc' dir='ltr'><strong><em>διαοτὰν</em></strong></span> <span class='ocrx_word' id='word_1_222' title='bbox 870 2639 927 2699; x_wconf 85' lang='grc' dir='ltr'><strong><em>τοῦ</em></strong></span> <span class='ocrx_word' id='word_1_223' title='bbox 947 2635 985 2708; x_wconf 82' lang='grc' dir='ltr'><strong><em>ὦς</em></strong></span> <span class='ocrx_word' id='word_1_224' title='bbox 1003 2627 1134 2717; x_wconf 71' lang='grc' dir='ltr'><strong><em>’άληθῶς</em></strong></span> 
     </span>
     <span class='ocr_line' id='line_1_23' title="bbox 41 2735 1132 2830; baseline 0 -24"><span class='ocrx_word' id='word_1_225' title='bbox 41 2742 288 2827; x_wconf 86' lang='grc' dir='ltr'><strong><em>διακεκριμένου,</em></strong></span> <span class='ocrx_word' id='word_1_226' title='bbox 308 2735 388 2804; x_wconf 87' lang='grc' dir='ltr'><strong><em>κατά</em></strong></span> <span class='ocrx_word' id='word_1_227' title='bbox 416 2744 564 2808; x_wconf 86' lang='grc' dir='ltr'><strong><em>τοσοῦτον</em></strong></span> <span class='ocrx_word' id='word_1_228' title='bbox 590 2741 731 2830; x_wconf 82' lang='grc' dir='ltr'><strong><em>ὖπεφάνη</em></strong></span> <span class='ocrx_word' id='word_1_229' title='bbox 760 2739 795 2808; x_wconf 88' lang='grc' dir='ltr'><strong><em>τό</em></strong></span> <span class='ocrx_word' id='word_1_230' title='bbox 828 2739 960 2827; x_wconf 83' lang='grc' dir='ltr'><strong><em>γνωστόν</em></strong></span> <span class='ocrx_word' id='word_1_231' title='bbox 979 2745 1011 2808; x_wconf 85' lang='grc' dir='ltr'><strong><em>ἒν</em></strong></span> <span class='ocrx_word' id='word_1_232' title='bbox 1035 2743 1132 2826; x_wconf 75' lang='grc' dir='ltr'><strong><em>αὐτῷ·</em></strong></span> 
     </span>
     <span class='ocr_line' id='line_1_24' title="bbox 43 2833 1133 2936; baseline -0.001 -21"><span class='ocrx_word' id='word_1_233' title='bbox 43 2851 95 2915; x_wconf 86' lang='grc' dir='ltr'><strong><em>καί</em></strong></span> <span class='ocrx_word' id='word_1_234' title='bbox 117 2845 175 2933; x_wconf 82' lang='grc' dir='ltr'><strong><em>γάρ</em></strong></span> <span class='ocrx_word' id='word_1_235' title='bbox 197 2851 242 2932; x_wconf 75' lang='grc' dir='ltr'><strong><em>τῷ</em></strong></span> <span class='ocrx_word' id='word_1_236' title='bbox 261 2847 303 2930; x_wconf 73' lang='grc' dir='ltr'><strong><em>νῷ</em></strong></span> <span class='ocrx_word' id='word_1_237' title='bbox 324 2843 401 2912; x_wconf 86' lang='grc' dir='ltr'><strong><em>κατά</em></strong></span> <span class='ocrx_word' id='word_1_238' title='bbox 419 2845 454 2913; x_wconf 85' lang='grc' dir='ltr'><strong><em>τό</em></strong></span> <span class='ocrx_word' id='word_1_239' title='bbox 477 2846 699 2935; x_wconf 84' lang='grc' dir='ltr'><strong><em>διακεκριμένον</em></strong></span> <span class='ocrx_word' id='word_1_240' title='bbox 714 2848 839 2936; x_wconf 76' lang='grc' dir='ltr'><strong><em>ἐνεφάνη</em></strong></span> <span class='ocrx_word' id='word_1_241' title='bbox 847 2852 890 2925; x_wconf 84' lang='lat'><strong><em>²⁰)</em></strong></span> <span class='ocrx_word' id='word_1_242' title='bbox 902 2845 938 2914; x_wconf 91' lang='grc' dir='ltr'><strong><em>τό</em></strong></span> <span class='ocrx_word' id='word_1_243' title='bbox 961 2833 1133 2932; x_wconf 63' lang='grc' dir='ltr'><strong><em>γυωοτικὸν·</em></strong></span> 
     </span>
     <span class='ocr_line' id='line_1_25' title="bbox 42 2950 1131 3041; baseline -0.002 -19"><span class='ocrx_word' id='word_1_244' title='bbox 42 2950 122 3022; x_wconf 68' lang='grc' dir='ltr'><strong><em>ὥστε</em></strong></span> <span class='ocrx_word' id='word_1_245' title='bbox 138 2955 244 3038; x_wconf 82' lang='grc' dir='ltr'><strong><em>καὶτῷ</em></strong></span> <span class='ocrx_word' id='word_1_246' title='bbox 259 2953 323 3019; x_wconf 85' lang='grc' dir='ltr'><strong><em>όντι</em></strong></span> <span class='ocrx_word' id='word_1_247' title='bbox 344 2951 383 3029; x_wconf 78' lang='grc' dir='ltr'><strong><em>ὥς</em></strong></span> <span class='ocrx_word' id='word_1_248' title='bbox 403 2953 614 3039; x_wconf 86' lang='grc' dir='ltr'><strong><em>διακεκριμένῳ</em></strong></span> <span class='ocrx_word' id='word_1_249' title='bbox 635 2983 700 3032; x_wconf 89' lang='grc' dir='ltr'><strong><em>πως</em></strong></span> <span class='ocrx_word' id='word_1_250' title='bbox 721 2954 898 3041; x_wconf 83' lang='grc' dir='ltr'><strong><em>ἓμφαίνετάι</em></strong></span> <span class='ocrx_word' id='word_1_251' title='bbox 917 2983 948 3021; x_wconf 90' lang='grc' dir='ltr'><strong><em>τι</em></strong></span> <span class='ocrx_word' id='word_1_252' title='bbox 968 2958 1020 3021; x_wconf 87' lang='grc' dir='ltr'><strong><em>καί</em></strong></span> <span class='ocrx_word' id='word_1_253' title='bbox 1039 2953 1131 3020; x_wconf 75' lang='grc' dir='ltr'><strong><em>ἄλλο·</em></strong></span> 
     </span>
     <span class='ocr_line' id='line_1_26' title="bbox 42 3051 1132 3148; baseline 0.002 -20"><span class='ocrx_word' id='word_1_254' title='bbox 42 3065 78 3128; x_wconf 85' lang='grc' dir='ltr'><strong><em>οἰι</em></strong></span> <span class='ocrx_word' id='word_1_255' title='bbox 102 3058 164 3147; x_wconf 75' lang='grc' dir='ltr'><strong><em>μὴν</em></strong></span> <span class='ocrx_word' id='word_1_256' title='bbox 183 3058 220 3127; x_wconf 87' lang='grc' dir='ltr'><strong><em>τό</em></strong></span> <span class='ocrx_word' id='word_1_257' title='bbox 241 3057 418 3141; x_wconf 82' lang='grc' dir='ltr'><strong><em>γνωστικόν,</em></strong></span> <span class='ocrx_word' id='word_1_258' title='bbox 440 3057 519 3126; x_wconf 88' lang='grc' dir='ltr'><strong><em>διότι</em></strong></span> <span class='ocrx_word' id='word_1_259' title='bbox 538 3065 627 3127; x_wconf 88' lang='grc' dir='ltr'><strong><em>τοῦτο</em></strong></span> <span class='ocrx_word' id='word_1_260' title='bbox 649 3065 692 3146; x_wconf 80' lang='grc' dir='ltr'><strong><em>τῷ</em></strong></span> <span class='ocrx_word' id='word_1_261' title='bbox 712 3051 901 3146; x_wconf 76' lang='grc' dir='ltr'><strong><em>προελθόντι</em></strong></span> <span class='ocrx_word' id='word_1_262' title='bbox 923 3067 1031 3148; x_wconf 80' lang='grc' dir='ltr'><strong><em>συνῆν,</em></strong></span> <span class='ocrx_word' id='word_1_263' title='bbox 1052 3057 1132 3130; x_wconf 82' lang='grc' dir='ltr'><strong><em>ἀλλά</em></strong></span> 
     </span>
     <span class='ocr_line' id='line_1_27' title="bbox 42 3164 1208 3293; baseline -0.003 -54"><span class='ocrx_word' id='word_1_264' title='bbox 42 3167 79 3239; x_wconf 84' lang='grc' dir='ltr'><strong><em>τό</em></strong></span> <span class='ocrx_word' id='word_1_265' title='bbox 102 3167 248 3256; x_wconf 80' lang='grc' dir='ltr'><strong><em>γνωστόν,</em></strong></span> <span class='ocrx_word' id='word_1_266' title='bbox 271 3164 320 3236; x_wconf 81' lang='grc' dir='ltr'><strong><em>δτι</em></strong></span> <span class='ocrx_word' id='word_1_267' title='bbox 340 3174 381 3254; x_wconf 78' lang='grc' dir='ltr'><strong><em>τῷ</em></strong></span> <span class='ocrx_word' id='word_1_268' title='bbox 402 3167 588 3252; x_wconf 72' lang='grc' dir='ltr'><strong><em>προελθόντι</em></strong></span> <span class='ocrx_word' id='word_1_269' title='bbox 608 3169 659 3236; x_wconf 84' lang='grc' dir='ltr'><strong><em>διά</em></strong></span> <span class='ocrx_word' id='word_1_270' title='bbox 680 3169 815 3256; x_wconf 74' lang='grc' dir='ltr'><strong><em>γνώσεως</em></strong></span> <span class='ocrx_word' id='word_1_271' title='bbox 842 3170 969 3256; x_wconf 73' lang='grc' dir='ltr'><strong><em>αἰρεθέν</em></strong></span> <span class='ocrx_word' id='word_1_272' title='bbox 999 3167 1130 3256; x_wconf 81' lang='grc' dir='ltr'><strong><em>γνωστόν</em></strong></span> <span class='ocrx_word' id='word_1_273' title='bbox 1148 3191 1208 3293; x_wconf 59' lang='lat' dir='ltr'><strong><em>Pag-</em></strong></span> 
     </span>
     <span class='ocr_line' id='line_1_28' title="bbox 42 3241 1207 3363; baseline -0.002 -19"><span class='ocrx_word' id='word_1_274' title='bbox 42 3282 141 3345; x_wconf 78' lang='grc' dir='ltr'><strong><em>έκεῖνο</em></strong></span> <span class='ocrx_word' id='word_1_275' title='bbox 165 3281 300 3363; x_wconf 87' lang='grc' dir='ltr'><strong><em>γέγονεν,</em></strong></span> <span class='ocrx_word' id='word_1_276' title='bbox 327 3279 379 3342; x_wconf 82' lang='grc' dir='ltr'><strong><em>καὶ</em></strong></span> <span class='ocrx_word' id='word_1_277' title='bbox 409 3275 464 3342; x_wconf 80' lang='grc' dir='ltr'><strong><em>οῦκ</em></strong></span> <span class='ocrx_word' id='word_1_278' title='bbox 490 3279 571 3342; x_wconf 71' lang='grc' dir='ltr'><strong><em>ἔστιν</em></strong></span> <span class='ocrx_word' id='word_1_279' title='bbox 597 3280 629 3342; x_wconf 81' lang='grc' dir='ltr'><strong><em>έν</em></strong></span> <span class='ocrx_word' id='word_1_280' title='bbox 657 3276 741 3360; x_wconf 76' lang='grc' dir='ltr'><strong><em>αὐτῷ</em></strong></span> <span class='ocrx_word' id='word_1_281' title='bbox 772 3282 816 3362; x_wconf 85' lang='grc' dir='ltr'><strong><em>τῷ</em></strong></span> <span class='ocrx_word' id='word_1_282' title='bbox 846 3273 1002 3361; x_wconf 85' lang='grc' dir='ltr'><strong><em>γνωστόν,</em></strong></span> <span class='ocrx_word' id='word_1_283' title='bbox 1032 3268 1073 3350; x_wconf 76' lang='grc' dir='ltr'><strong><em>δός</em></strong></span> <span class='ocrx_word' id='word_1_284' title='bbox 1098 3304 1126 3343; x_wconf 94' lang='grc' dir='ltr'><strong><em>τι</em></strong></span> <span class='ocrx_word' id='word_1_285' title='bbox 1149 3241 1207 3296; x_wconf 64' lang='lat'><strong><em>¹3&#39;</em></strong></span> 
     </span>
     <span class='ocr_line' id='line_1_29' title="bbox 43 3368 1129 3469; baseline -0.002 -19"><span class='ocrx_word' id='word_1_286' title='bbox 43 3384 155 3466; x_wconf 79' lang='grc' dir='ltr'><strong><em>ἰδίωμα</em></strong></span> <span class='ocrx_word' id='word_1_287' title='bbox 181 3381 394 3468; x_wconf 84' lang='grc' dir='ltr'><strong><em>διωρισμένον·</em></strong></span> <span class='ocrx_word' id='word_1_288' title='bbox 423 3381 494 3447; x_wconf 78' lang='grc' dir='ltr'><strong><em>οὐδὲ</em></strong></span> <span class='ocrx_word' id='word_1_289' title='bbox 523 3380 578 3469; x_wconf 80' lang='grc' dir='ltr'><strong><em>γάρ</em></strong></span> <span class='ocrx_word' id='word_1_290' title='bbox 598 3368 639 3448; x_wconf 86' lang='grc' dir='ltr'><strong><em>τό</em></strong></span> <span class='ocrx_word' id='word_1_291' title='bbox 655 3382 878 3467; x_wconf 87' lang='grc' dir='ltr'><strong><em>διακεκριμένον</em></strong></span> <span class='ocrx_word' id='word_1_292' title='bbox 899 3374 941 3458; x_wconf 77' lang='grc' dir='ltr'><strong><em>ιός</em></strong></span> <span class='ocrx_word' id='word_1_293' title='bbox 962 3407 1002 3448; x_wconf 89' lang='grc' dir='ltr'><strong><em>τι·</em></strong></span> <span class='ocrx_word' id='word_1_294' title='bbox 1020 3377 1129 3466; x_wconf 80' lang='grc' dir='ltr'><strong><em>ἰδίωμα</em></strong></span> 
     </span>
     <span class='ocr_line' id='line_1_30' title="bbox 42 3480 1128 3576; baseline -0.002 -19"><span class='ocrx_word' id='word_1_295' title='bbox 42 3497 73 3559; x_wconf 81' lang='grc' dir='ltr'><strong><em>ἰν</em></strong></span> <span class='ocrx_word' id='word_1_296' title='bbox 95 3490 193 3574; x_wconf 82' lang='grc' dir='ltr'><strong><em>αὗτῷ·</em></strong></span> <span class='ocrx_word' id='word_1_297' title='bbox 216 3486 293 3555; x_wconf 86' lang='grc' dir='ltr'><strong><em>κατά</em></strong></span> <span class='ocrx_word' id='word_1_298' title='bbox 316 3489 371 3576; x_wconf 87' lang='grc' dir='ltr'><strong><em>γάρ</em></strong></span> <span class='ocrx_word' id='word_1_299' title='bbox 390 3485 427 3554; x_wconf 81' lang='grc' dir='ltr'><strong><em>τό</em></strong></span> <span class='ocrx_word' id='word_1_300' title='bbox 447 3487 619 3573; x_wconf 71' lang='grc' dir='ltr'><strong><em>ἀδιάκριτον</em></strong></span> <span class='ocrx_word' id='word_1_301' title='bbox 638 3480 678 3576; x_wconf 72' lang='grc' dir='ltr'><strong><em>ἦν</em></strong></span> <span class='ocrx_word' id='word_1_302' title='bbox 698 3493 921 3575; x_wconf 85' lang='grc' dir='ltr'><strong><em>διακεκριμένου</em></strong></span> <span class='ocrx_word' id='word_1_303' title='bbox 941 3491 1128 3576; x_wconf 88' lang='grc' dir='ltr'><strong><em>διακεκριμέ-</em></strong></span> 
     </span>
     <span class='ocr_line' id='line_1_31' title="bbox 41 3592 1128 3685; baseline -0.003 -19"><span class='ocrx_word' id='word_1_304' title='bbox 41 3627 110 3680; x_wconf 89' lang='grc' dir='ltr'><strong><em>νον,</em></strong></span> <span class='ocrx_word' id='word_1_305' title='bbox 124 3597 182 3666; x_wconf 84' lang='grc' dir='ltr'><strong><em>οῦκ</em></strong></span> <span class='ocrx_word' id='word_1_306' title='bbox 204 3595 240 3662; x_wconf 83' lang='grc' dir='ltr'><strong><em>ἰίν</em></strong></span> <span class='ocrx_word' id='word_1_307' title='bbox 261 3595 335 3664; x_wconf 76' lang='grc' dir='ltr'><strong><em>οὔτε</em></strong></span> <span class='ocrx_word' id='word_1_308' title='bbox 357 3595 497 3663; x_wconf 83' lang='grc' dir='ltr'><strong><em>ῦποοτάν</em></strong></span> <span class='ocrx_word' id='word_1_309' title='bbox 513 3596 584 3664; x_wconf 81' lang='grc' dir='ltr'><strong><em>οότε</em></strong></span> <span class='ocrx_word' id='word_1_310' title='bbox 604 3597 784 3682; x_wconf 74' lang='grc' dir='ltr'><strong><em>ὀνομασθέν</em></strong></span> <span class='ocrx_word' id='word_1_311' title='bbox 800 3599 1035 3685; x_wconf 87' lang='grc' dir='ltr'><strong><em>διακεκριμένον,</em></strong></span> <span class='ocrx_word' id='word_1_312' title='bbox 1055 3592 1128 3663; x_wconf 82' lang='grc' dir='ltr'><strong><em>όσον</em></strong></span> 
     </span>
     <span class='ocr_line' id='line_1_32' title="bbox 43 3702 1126 3808; baseline -0.005 -33"><span class='ocrx_word' id='word_1_313' title='bbox 43 3703 108 3775; x_wconf 80' lang='grc' dir='ltr'><strong><em>ιῖπό</em></strong></span> <span class='ocrx_word' id='word_1_314' title='bbox 129 3710 185 3791; x_wconf 77' lang='grc' dir='ltr'><strong><em>τῆς</em></strong></span> <span class='ocrx_word' id='word_1_315' title='bbox 206 3711 318 3782; x_wconf 77' lang='grc' dir='ltr'><strong><em>οἰκείας</em></strong></span> <span class='ocrx_word' id='word_1_316' title='bbox 336 3702 468 3789; x_wconf 79' lang='grc' dir='ltr'><strong><em>φάσεως,</em></strong></span> <span class='ocrx_word' id='word_1_317' title='bbox 494 3713 522 3772; x_wconf 91' lang='grc' dir='ltr'><strong><em>εἰ</em></strong></span> <span class='ocrx_word' id='word_1_318' title='bbox 550 3705 614 3772; x_wconf 82' lang='grc' dir='ltr'><strong><em>οἶόν</em></strong></span> <span class='ocrx_word' id='word_1_319' title='bbox 634 3714 667 3774; x_wconf 68' lang='grc' dir='ltr'><strong><em>τε</em></strong></span> <span class='ocrx_word' id='word_1_320' title='bbox 687 3714 797 3787; x_wconf 80' lang='grc' dir='ltr'><strong><em>εἰπεῖν,</em></strong></span> <span class='ocrx_word' id='word_1_321' title='bbox 819 3713 846 3773; x_wconf 88' lang='grc' dir='ltr'><strong><em>εἰ</em></strong></span> <span class='ocrx_word' id='word_1_322' title='bbox 865 3706 905 3793; x_wconf 76' lang='grc' dir='ltr'><strong><em>μὴ</em></strong></span> <span class='ocrx_word' id='word_1_323' title='bbox 922 3705 1126 3808; x_wconf 29' lang='grc' dir='ltr'><strong><em>21),διεκρι’θη</em></strong></span> 
     </span>
     <span class='ocr_line' id='line_1_33' title="bbox 41 3807 1129 3916; baseline 0.001 -38"><span class='ocrx_word' id='word_1_324' title='bbox 41 3814 94 3884; x_wconf 71' lang='grc' dir='ltr'><strong><em>ἀπ’</em></strong></span> <span class='ocrx_word' id='word_1_325' title='bbox 123 3811 221 3880; x_wconf 83' lang='grc' dir='ltr'><strong><em>αὐτοῦ</em></strong></span> <span class='ocrx_word' id='word_1_326' title='bbox 247 3807 282 3879; x_wconf 77' lang='grc' dir='ltr'><strong><em>τὸ</em></strong></span> <span class='ocrx_word' id='word_1_327' title='bbox 311 3811 403 3889; x_wconf 85' lang='grc' dir='ltr'><strong><em>όντως</em></strong></span> <span class='ocrx_word' id='word_1_328' title='bbox 430 3813 663 3900; x_wconf 85' lang='grc' dir='ltr'><strong><em>διακεκριμένον.</em></strong></span> <span class='ocrx_word' id='word_1_329' title='bbox 717 3812 823 3890; x_wconf 76' lang='grc' dir='ltr'><strong><em>Οὕτως</em></strong></span> <span class='ocrx_word' id='word_1_330' title='bbox 849 3811 909 3899; x_wconf 76' lang='grc' dir='ltr'><strong><em>δρα</em></strong></span> <span class='ocrx_word' id='word_1_331' title='bbox 938 3813 975 3880; x_wconf 88' lang='grc' dir='ltr'><strong><em>οιί</em></strong></span> <span class='ocrx_word' id='word_1_332' title='bbox 1004 3814 1080 3916; x_wconf 77' lang='grc' dir='ltr'><strong><em>κατά</em></strong></span> <span class='ocrx_word' id='word_1_333' title='bbox 1099 3843 1129 3880; x_wconf 90' lang='grc' dir='ltr'><strong><em>τι</em></strong></span> 
     </span>
    </p>
   </div>
   <div class='ocr_carea' id='block_1_3' title="bbox 66 3983 1128 4064">
    <p class='ocr_par' dir='ltr' id='par_1_3' title="bbox 66 3983 1128 4064">
     <span class='ocr_line' id='line_1_34' title="bbox 66 3983 1128 4064; baseline 0.001 -20"><span class='ocrx_word' id='word_1_334' title='bbox 66 3983 69 3992; x_wconf 58' lang='grc'>’</span> <span class='ocrx_word' id='word_1_335' title='bbox 80 3996 125 4063; x_wconf 85' lang='lat'><strong><em>¹9)</em></strong></span> <span class='ocrx_word' id='word_1_336' title='bbox 145 3993 242 4046; x_wconf 78' lang='grc' dir='ltr'><strong><em>Ηειυλ).</em></strong></span> <span class='ocrx_word' id='word_1_337' title='bbox 256 4011 336 4049; x_wconf 78' lang='lat' dir='ltr'>voce.</span> <span class='ocrx_word' id='word_1_338' title='bbox 349 3996 398 4044; x_wconf 80' lang='grc' dir='ltr'><strong><em>τοῦ</em></strong></span> <span class='ocrx_word' id='word_1_339' title='bbox 411 3991 485 4054; x_wconf 83' lang='grc' dir='ltr'><strong><em>ὄντος</em></strong></span> <span class='ocrx_word' id='word_1_340' title='bbox 496 4014 562 4064; x_wconf 87' lang='grc' dir='ltr'><strong><em>γιγν.</em></strong></span> <span class='ocrx_word' id='word_1_341' title='bbox 575 3992 676 4048; x_wconf 84' lang='lat' dir='ltr'><strong>omisit.</strong></span> <span class='ocrx_word' id='word_1_342' title='bbox 689 3995 761 4047; x_wconf 77' lang='lat' dir='ltr'>Idem</span> <span class='ocrx_word' id='word_1_343' title='bbox 774 3993 883 4064; x_wconf 77' lang='grc' dir='ltr'><strong><em>ἀπορία.</em></strong></span> <span class='ocrx_word' id='word_1_344' title='bbox 893 4031 915 4045; x_wconf 94' lang='grc'><strong><em>..</em></strong></span> <span class='ocrx_word' id='word_1_345' title='bbox 936 3992 1005 4048; x_wconf 75' lang='lat' dir='ltr'>infra</span> <span class='ocrx_word' id='word_1_346' title='bbox 1018 3994 1050 4046; x_wconf 74' lang='grc' dir='ltr'><strong><em>δι’</em></strong></span> <span class='ocrx_word' id='word_1_347' title='bbox 1067 3993 1128 4046; x_wconf 82' lang='grc' dir='ltr'><strong><em>ὅλου</em></strong></span> 
     </span>
    </p>
   </div>
   <div class='ocr_carea' id='block_1_4' title="bbox 43 4079 1130 4261">
    <p class='ocr_par' dir='ltr' id='par_1_4' title="bbox 43 4079 1130 4261">
     <span class='ocr_line' id='line_1_35' title="bbox 43 4079 1130 4194; baseline -0.001 -30"><span class='ocrx_word' id='word_1_348' title='bbox 43 4111 75 4162; x_wconf 87' lang='grc' dir='ltr'><strong><em>τὸ</em></strong></span> <span class='ocrx_word' id='word_1_349' title='bbox 83 4111 239 4194; x_wconf 45' lang='grc' dir='ltr'><strong><em>.φμνόν....</em></strong></span> <span class='ocrx_word' id='word_1_350' title='bbox 258 4111 274 4179; x_wconf 79' lang='grc' dir='ltr'><em>ἢ</em></span> <span class='ocrx_word' id='word_1_351' title='bbox 292 4114 324 4166; x_wconf 88' lang='grc' dir='ltr'><strong><em>τὸ</em></strong></span> <span class='ocrx_word' id='word_1_352' title='bbox 341 4119 393 4169; x_wconf 80' lang='grc' dir='ltr'><strong><em>τῶν</em></strong></span> <span class='ocrx_word' id='word_1_353' title='bbox 412 4118 545 4188; x_wconf 84' lang='grc' dir='ltr'><strong><em>διαφανῶν</em></strong></span> <span class='ocrx_word' id='word_1_354' title='bbox 563 4113 579 4166; x_wconf 77' lang='grc'>3</span> <span class='ocrx_word' id='word_1_355' title='bbox 597 4113 711 4184; x_wconf 78' lang='grc' dir='ltr'><strong><em>ὀρεκτόν.</em></strong></span> <span class='ocrx_word' id='word_1_356' title='bbox 730 4145 763 4154; x_wconf 89' lang='grc'>-</span> <span class='ocrx_word' id='word_1_357' title='bbox 784 4115 830 4174; x_wconf 81' lang='grc' dir='ltr'><strong><em>ου)</em></strong></span> <span class='ocrx_word' id='word_1_358' title='bbox 846 4079 957 4186; x_wconf 70' lang='grc' dir='ltr'><strong><em>ιδνεφάντγ</em></strong></span> <span class='ocrx_word' id='word_1_359' title='bbox 972 4115 1011 4168; x_wconf 73' lang='lat' dir='ltr'><strong><em>nic</em></strong></span> <span class='ocrx_word' id='word_1_360' title='bbox 1034 4111 1130 4164; x_wconf 75' lang='lat' dir='ltr'>Hamb.</span> 
     </span>
     <span class='ocr_line' id='line_1_36' title="bbox 44 4181 899 4261; baseline -0.006 -26"><span class='ocrx_word' id='word_1_361' title='bbox 44 4197 93 4250; x_wconf 81' lang='lat' dir='ltr'><strong><em>qm</em></strong></span> <span class='ocrx_word' id='word_1_362' title='bbox 108 4197 223 4252; x_wconf 79' lang='grc' dir='ltr'><strong><em>ιυιιιμττ</em></strong></span> <span class='ocrx_word' id='word_1_363' title='bbox 238 4181 271 4234; x_wconf 85' lang='grc' dir='ltr'><strong><em>τὸ</em></strong></span> <span class='ocrx_word' id='word_1_364' title='bbox 288 4187 401 4251; x_wconf 80' lang='grc' dir='ltr'><strong><em>γνωστὸν</em></strong></span> <span class='ocrx_word' id='word_1_365' title='bbox 417 4185 437 4239; x_wconf 93' lang='lat'><strong><em>1.</em></strong></span> <span class='ocrx_word' id='word_1_366' title='bbox 457 4190 554 4254; x_wconf 82' lang='lat'>-21)</span> <span class='ocrx_word' id='word_1_367' title='bbox 572 4182 590 4251; x_wconf 70' lang='grc' dir='ltr'><em>ἢ</em></span> <span class='ocrx_word' id='word_1_368' title='bbox 606 4187 651 4252; x_wconf 72' lang='grc' dir='ltr'><strong><em>μὴ.</em></strong></span> <span class='ocrx_word' id='word_1_369' title='bbox 733 4252 737 4261; x_wconf 30' lang='lat'><strong><em>¹</em></strong></span> <span class='ocrx_word' id='word_1_370' title='bbox 897 4185 899 4190; x_wconf 88' lang='grc'><strong>’</strong></span> 
     </span>
    </p>
   </div>
   <div class='ocr_carea' id='block_1_5' title="bbox 0 0 1390 4840">
    <p class='ocr_par' dir='ltr' id='par_1_5' title="bbox 0 0 1390 4840">
     <span class='ocr_line' id='line_1_37' title="bbox 0 0 1390 4840; baseline 0 6"><span class='ocrx_word' id='word_1_371' title='bbox 0 0 1390 4840; x_wconf 95' lang='lat' dir='ltr'><strong><em> </em></strong></span> 
     </span>
    </p>
   </div>
  </div>
 </body>
</html>
