2798 4834
247 257 318 340 2²0

333 445 468 536 Μήποτε
495 439 552 518 σόν
580 447 734 536 πανταγυό
761 444 985 532 συναμφότερος
1011 443 1065 514 σἰεῖ.
1084 447 1169 512 πᾶσα
1197 451 1322 532 γίγνεται

243 551 391 644 πρόοδος·
419 562 448 624 εῖ
474 556 517 643 μή
544 555 603 643 ἄρα
629 561 737 642 φανείη
763 548 841 622 όπου
867 553 921 638 μὶν
946 556 1127 638 ἐπικρατοῦν
1154 549 1190 619 τό
1209 545 1327 638 όμοιον,

158 686 221 794 μνη·
244 658 323 732 ’όπου
343 663 378 732 δὲ
401 662 438 732 τό
457 663 608 750 ’ἀνόμοιον
642 662 733 732 Ἀλλὰ
753 659 809 750 γόρ
828 663 881 730 ιιαό
899 660 977 732 αότό
998 668 1088 730 τοῦτο
1102 659 1253 749 ζητητέον,
1272 659 1327 728 διό

163 751 192 801 ¹⁷
212 779 221 796 ⁴
244 773 274 838 τί
293 772 313 858 ἦ
334 776 388 856 μέν
408 775 489 840 ἐστον
511 752 666 858 ὁμοειδής,
692 771 714 857 ἧ
737 771 773 838 δὲ
792 768 987 856 εἰνομοειδής,
1015 771 1076 838 εἴτε
1093 773 1197 858 γωρίς,
1227 770 1328 856 είτεόγ

244 881 486 965 συναμφότερσςς
505 881 622 967 μήποτε
642 874 699 964 γόρ
718 881 818 944 πᾶσαι
839 875 996 963 ὁμοειδεῖς,
1031 875 1168 976 ήπζισαι
1187 877 1327 962 ἆνομοει-

244 985 320 1065 δεῖς,
341 985 405 1052 οἷον
424 983 443 1053 ό
462 986 553 1073 λέγω,
583 982 644 1052 ιἰπό
665 980 741 1060 Διός
766 1009 865 1069 φαμεν
886 981 963 1063 Ζεός
985 1011 1019 1052 τε
1038 985 1243 1071 ιιοιόἈθηυῖι,
1276 987 1326 1053 nal

245 1090 340 1168 ἄλλος
356 1095 408 1160 καί
422 1090 531 1173 ἄλλος,
561 1091 619 1159 οόιι
636 1089 674 1159 &iv
693 1094 892 1180 γεννηθέντες
911 1092 1022 1160 πολλοὶ
1043 1091 1098 1176 ἀφ’
1120 1091 1200 1172 ἑνὸς,
1234 1098 1261 1158 εἰ
1281 1092 1322 1177 μή

245 1199 343 1266 πάντα
363 1189 439 1282 ἦσαν
452 1200 469 1266 ὃ
481 1200 539 1278 είς·
560 1199 608 1266 ἇεό
627 1198 684 1287 γοίρ
703 1200 875 1284 όλιιισίτερος
887 1212 951 1276 τοῖς
964 1203 1171 1287 μερικωτίροις
1182 1204 1216 1267 όν
1233 1204 1331 1286 ἑαυτῷ

246 1318 399 1390 συναιρεῖ,
424 1301 520 1392 όόςπερ
539 1304 576 1374 τό
596 1309 672 1385 ζῶον
691 1305 731 1374 τό
750 1305 850 1374 πολλό
871 1310 949 1387 ζῶα,
981 1305 1141 1392 όνόρωπον
1162 1311 1215 1375 νἀό
1233 1313 1331 1376 ’όπποτ

247 1416 301 1482 ιιαό
319 1418 409 1501 βοῦν·
430 1413 508 1482 αὐτό
527 1413 583 1501 γόρ
603 1419 701 1482 ταῦτα
718 1413 753 1481 τό
766 1417 840 1492 ζῶον
855 1405 896 1499 ήν
908 1415 989 1502 ὁμοῦ
999 1416 1052 1482 καὶ
1065 1412 1102 1481 τό
1114 1419 1203 1501 γωρὶς
1218 1417 1330 1504 προελ-
1384 1451 1390 1474 ι

247 1518 352 1588 δόντα
374 1521 426 1590 ὄπ’
437 1520 576 1609 ἀλλήλων
597 1522 663 1610 εἴδη
682 1521 780 1590 πόντα
799 1525 854 1588 τοῦ
870 1519 959 1600 ζόαν.
987 1529 1029 1590 Et
1040 1523 1074 1589 δὲ
1088 1519 1162 1600 Ζεός
1175 1521 1239 1590 ἀπό
1257 1523 1331 1599 Διὸς

250 1625 402 1714 ὁμοειδής,
421 1628 557 1716 πρόεισιν
578 1629 634 1716 οόγ
655 1630 765 1715 ὁμοίως
784 1641 850 1704 τοῖς
876 1627 992 1706 ἄλλοις.
1039 1635 1080 1696 El
1100 1629 1155 1714 μὲν
1174 1640 1240 1706 τοῖς
1263 1628 1331 1696 ὀνό-

248 1763 324 1820 μοισι
350 1741 490 1825 προςόγοι
516 1764 578 1817 τις,
610 1732 685 1824 τάχα
711 1734 749 1804 ἂν
777 1735 971 1822 ἆπορηθείη,
1008 1732 1064 1812 τιίς
1091 1733 1149 1802 δόο
1179 1736 1331 1820 προόδους

250 1841 328 1928 όραῖν
348 1841 610 1937 ἇντιδιηρημένας·
642 1848 670 1908 εί
690 1842 724 1909 δὲ
746 1840 922 1930 ἐννοήσειεν,
944 1837 992 1911 ότι
1012 1840 1239 1929 όμεριιιοότερος
1256 1840 1332 1922 Ζεός

249 1950 303 2014 ιιαλ
322 1947 464 2033 δεύτερος
479 1953 536 2048 ιναί
557 1954 655 2034 τρίτος
673 1946 837 2036 προελθών
843 1997 853 2030 ,
875 1950 930 2017 οὐκ
951 1954 1034 2018 ἔστιν
1049 1948 1066 2016 ό
1079 1947 1170 2025 αὐτὸς
1188 1952 1232 2037 τῷ
1254 1977 1332 2036 προ·

249 2059 324 2141 τόρῳ
345 2059 412 2120 κατ’
434 2055 531 2132 εἶδος·
562 2056 578 2120 ό
599 2053 730 2142 μὲνγὰρ
753 2046 794 2143 ἦν
812 2052 925 2133 ποίιτες
949 2062 979 2122 οῖ
1005 2052 1228 2141 προελθόντες,
1263 2057 1333 2124 ὅδὲ

251 2163 295 2238 εἷς
314 2166 374 2229 τῶν
393 2161 623 2250 προελθόντων,
645 2161 755 2248 ὄψεται
775 2167 878 2232 πᾶσαν
897 2161 952 2248 τήν
972 2163 1105 2249 πρόοδον
1119 2162 1171 2230 ναὶ
1185 2160 1243 2248 τήν
1256 2163 1333 2232 πόν-
1389 2199 1390 2206 ¹

251 2297 313 2338 των
334 2272 401 2350 ἑνός
422 2262 515 2340 οὖσαν
536 2270 678 2358 μερισμόν
697 2276 752 2356 τῆς
781 2268 932 2356 ὑπάρξεως
956 2276 1012 2338 τοῦ
1042 2267 1116 2337 δ’λου
1136 2267 1227 2348 Διός·
1260 2264 1335 2338 ὥστε

251 2383 341 2466 μέρος
361 2387 485 2457 ἑλισστος
505 2385 562 2448 τοῦ
582 2382 766 2467 προόγοντος
793 2381 845 2450 ιιαλ
871 2382 1041 2464 συνώνυμος
1065 2383 1184 2462 ἐκείνῳ,
1214 2383 1260 2466 τῷ
1283 2380 1336 2464 μὲν

252 2481 313 2571 όλῳ
333 2489 409 2554 τοδί
431 2482 502 2556 όλον
522 2488 633 2564 οὐδείς·
655 2487 733 2554 κατὰ
751 2487 785 2554 δὲ
805 2491 908 2574 μέρος,
926 2483 1035 2554 ταθ’ό’
1054 2489 1242 2574 προέρχεται,
1263 2493 1334 2565 πᾶς·

252 2598 281 2658 εἰ
302 2593 335 2660 δὲ
357 2595 373 2660 ὁ
393 2595 448 2680 μὲν
467 2587 539 2673 ’όλος
558 2595 699 2682 παράγει,
733 2600 762 2662 οῖ
782 2595 816 2661 δὲ
845 2591 1047 2680 παραγόμενοι
1074 2598 1150 2660 καθ’
1179 2590 1270 2673 ὅλον,
1302 2601 1336 2661 οὔ

251 2701 416 2784 ταυτόνίῦ)
437 2702 533 2783 εἶδος,
558 2697 632 2778 δ’λος
652 2729 685 2768 τε
705 2699 722 2770 δ
745 2701 818 2778 Ζεός
837 2703 890 2768 καί
910 2698 946 2768 τό
967 2705 1023 2766 τοῦ
1042 2698 1116 2776 Διὸς
1137 2705 1237 2785 μέρος,
1274 2703 1335 2791 οἷον

254 2802 332 2883 Ζεός
353 2808 370 2874 ὃ
393 2795 532 2894 δεύτερος
552 2811 603 2876 ααό
619 2809 749 2894 Ἀθηνᾶ.
790 2796 943 2892 Σαφὲςαῦ
958 2793 1063 2887 πόλιν,
1086 2803 1334 2896 ότιπόντεςοῖνο-
1389 2799 1390 2804 ¹

252 2913 383 2996 μοειδεῖς
403 2915 638 3001 ἀπογεννῶνται,
664 2919 716 2982 ιιιιό
737 2921 834 2998 ἕτερον
854 2914 907 2999 ἀφ’
929 2917 1031 3001 ἐτέρου
1052 2917 1117 2980 κατ’
1138 2913 1231 2992 εἶδος·
1261 2917 1282 3000 η
1303 2914 1333 2981 δὲ

251 3023 311 3084 τοῦ
332 3018 408 3098 Διός
435 3030 584 3090 κοινωνία.
601 3025 701 3109 μέχρις
719 3020 866 3108 ὀνόματος
873 3071 883 3104 ,
912 3024 977 3088 ἐπεὶ
996 3023 1048 3088 καί
1066 3027 1095 3096 εί
1113 3025 1178 3089 ἔστι
1201 3019 1333 3107 διαφοραί

252 3131 314 3192 τῶν
333 3128 489 3212 προόδων,
509 3131 585 3215 τίςή
603 3136 685 3196 αἰτία
706 3134 760 3214 τῆς
779 3129 923 3215 διαφορᾶς
930 3158 943 3210 ,·
961 3127 1012 3198 διὰ
1030 3135 1061 3194 τί
1081 3124 1141 3196 ἆπό
1155 3133 1214 3194 τοῦ
1234 3129 1332 3196 αὐτοῦ

252 3233 273 3318 ή
294 3234 349 3318 μὲν
370 3234 516 3323 ὁμοειδής,
537 3239 556 3322 η
574 3238 608 3304 δὲ
629 3236 823 3322 όνομοειδήςγ
845 3244 890 3312 τίς
909 3237 928 3322 ἦ
950 3227 1161 3324 ἀποκλήρωσις
1180 3242 1236 3322 τῆς
1258 3237 1330 3304 ἇπο·

253 3338 415 3426 γεννήσεως
435 3348 547 3430 ἐκείνης
567 3342 586 3425 ἢ
607 3344 720 3432 ταύτης
724 3374 737 3425 ,·
757 3335 814 3428 ίιρα
834 3339 882 3412 ότι
902 3345 921 3432 ή
943 3345 999 3430 μὲν
1021 3342 1169 3429 ὁμοειδής,
1189 3343 1269 3441 κατὰ
1283 3341 1330 3412 τόν

254 3448 397 3536 μερισμόν
418 3449 610 3519 ἀποτελεῖται
631 3457 684 3539 τῆς
706 3451 783 3530 ἰδίας
797 3452 966 3538 ὑπόρξεωςς
988 3451 1053 3534 ήδὲ
1066 3450 1244 3546 όινομοειδής
1258 3448 1333 3544 ιιοιτόΙ

207 3633 212 3644 .
254 3552 310 3642 τήν
337 3557 578 3647 προειλημμένην
605 3543 705 3627 αἰτίαν
733 3563 790 3646 της
818 3562 997 3646 ἀλλοτρίαςς
1035 3557 1054 3642 ἢ
1081 3565 1203 3647 πρῶτον
1233 3560 1326 3646 μὲνή

255 3669 338 3730 αἰτία
358 3660 485 3749 όίπορξίς
505 3671 569 3732 ἐστι
595 3671 648 3753 τής
675 3669 945 3754 προειληφυίαςίί)
977 3667 1072 3754 αὐτήν
1097 3664 1231 3752 φόσεως,
1267 3668 1330 3738 οἷον.

161 3863 168 3873 1
255 3767 379 3854 ήυότόα
406 3775 461 3858 τῆς
478 3771 633 3859 Ἀθηνᾶς,
670 3779 702 3840 ἓν
730 3778 773 3860 τῷ
792 3776 849 3844 ΔιόΙ
868 3777 1064 3864 πρεςβότερου
1091 3773 1279 3864 συμβεβηκός
1298 3777 1326 3838 τί
1389 3863 1390 3872 ¹

227 4029 231 4038 ,
326 3980 369 4044 το)
388 3975 461 4031 Mon.
479 3976 575 4030 ταότότ
587 3997 625 4028 «τε
638 3976 715 4036 εἶδος.
735 3989 763 4029 et
779 3993 829 4049 pro
844 3981 928 4048 μέρος
944 3976 1059 4032 intexta
1079 3977 1176 4030 iterum
1189 3979 1262 4042 εἶδος,
1279 3973 1322 4026 sed

254 4041 289 4094 εδ
308 4061 399 4122 ωιτη..
408 4065 449 4115 γρ.
466 4052 553 4116 μέρος.
572 4075 605 4088 -
632 4052 677 4114 ιι)
698 4047 768 4102 Mon.
786 4050 979 4117 περιτιληφυίας
992 4085 1015 4101 ..
1031 4087 1038 4104 .
1053 4085 1060 4102 .
1078 4046 1203 4120 πρότερον
1221 4047 1319 4116 ονμβεβ·

253 4131 288 4166 τι.
318 4113 432 4166 Infestus
448 4113 579 4182 Humbn‘z
599 4113 639 4170 ἀπ’
660 4114 740 4168 αὐτοῦ
757 4121 878 4186 γενομένη
897 4116 978 4187 οειρίν.
1318 4123 1323 4132 “
