<?xml version="1.0" encoding="UTF-8"?>
<!DOCTYPE html PUBLIC "-//W3C//DTD XHTML 1.0 Transitional//EN"
    "http://www.w3.org/TR/xhtml1/DTD/xhtml1-transitional.dtd">
<html xmlns="http://www.w3.org/1999/xhtml" xml:lang="en" lang="en">
 <head>
  <title>
</title>
<meta http-equiv="Content-Type" content="text/html;charset=utf-8" />
  <meta name='ocr-system' content='tesseract 3.04.00' />
  <meta name='ocr-capabilities' content='ocr_page ocr_carea ocr_par ocr_line ocrx_word'/>
</head>
<body>
  <div class='ocr_page' id='page_1' title='image "./gdamaskoudiadho00damagoog_0226.png"; bbox 0 0 2770 4840; ppageno 0'>
   <div class='ocr_carea' id='block_1_1' title="bbox 251 256 322 334">
    <p class='ocr_par' dir='ltr' id='par_1_1' title="bbox 251 256 322 334">
     <span class='ocr_line' id='line_1_1' title="bbox 251 256 322 334; baseline 0 -1"><span class='ocrx_word' id='word_1_1' title='bbox 251 256 322 334; x_wconf 75' lang='grc' dir='ltr'><strong><em>τοο</em></strong></span> 
     </span>
    </p>
   </div>
   <div class='ocr_carea' id='block_1_2' title="bbox 250 456 1341 548">
    <p class='ocr_par' dir='ltr' id='par_1_2' title="bbox 250 456 1341 548">
     <span class='ocr_line' id='line_1_2' title="bbox 250 456 1341 548; baseline 0.011 -28"><span class='ocrx_word' id='word_1_2' title='bbox 250 456 386 540; x_wconf 77' lang='grc' dir='ltr'><strong><em>πρόεισιν</em></strong></span> <span class='ocrx_word' id='word_1_3' title='bbox 412 457 464 524; x_wconf 76' lang='grc' dir='ltr'><strong><em>ἀπ’</em></strong></span> <span class='ocrx_word' id='word_1_4' title='bbox 497 464 609 526; x_wconf 77' lang='grc' dir='ltr'><strong><em>ἐκείνου</em></strong></span> <span class='ocrx_word' id='word_1_5' title='bbox 637 467 681 536; x_wconf 78' lang='grc' dir='ltr'><strong><em>εἰς</em></strong></span> <span class='ocrx_word' id='word_1_6' title='bbox 709 459 745 526; x_wconf 89' lang='grc' dir='ltr'><strong><em>τὸ</em></strong></span> <span class='ocrx_word' id='word_1_7' title='bbox 774 464 995 546; x_wconf 75' lang='grc' dir='ltr'><strong><em>προαγόμενον·</em></strong></span> <span class='ocrx_word' id='word_1_8' title='bbox 1028 462 1067 528; x_wconf 81' lang='grc' dir='ltr'><strong><em>οὸ</em></strong></span> <span class='ocrx_word' id='word_1_9' title='bbox 1100 463 1157 548; x_wconf 76' lang='grc' dir='ltr'><strong><em>γὰρ</em></strong></span> <span class='ocrx_word' id='word_1_10' title='bbox 1187 471 1232 531; x_wconf 79' lang='grc' dir='ltr'><strong><em>ἔτι</em></strong></span> <span class='ocrx_word' id='word_1_11' title='bbox 1262 473 1341 532; x_wconf 79' lang='grc' dir='ltr'><strong><em>αἰτία</em></strong></span> 
     </span>
    </p>
   </div>
   <div class='ocr_carea' id='block_1_3' title="bbox 179 564 1345 3928">
    <p class='ocr_par' dir='ltr' id='par_1_3' title="bbox 179 564 1345 3821">
     <span class='ocr_line' id='line_1_3' title="bbox 250 564 1342 656; baseline 0.005 -22"><span class='ocrx_word' id='word_1_12' title='bbox 250 573 350 643; x_wconf 80' lang='grc' dir='ltr'><strong><em>ἔστιν,</em></strong></span> <span class='ocrx_word' id='word_1_13' title='bbox 384 564 535 646; x_wconf 81' lang='grc' dir='ltr'><strong><em>ἀλλ’·ἀη’</em></strong></span> <span class='ocrx_word' id='word_1_14' title='bbox 572 575 688 644; x_wconf 77' lang='grc' dir='ltr'><strong><em>αἰτίας·</em></strong></span> <span class='ocrx_word' id='word_1_15' title='bbox 734 567 780 634; x_wconf 81' lang='grc' dir='ltr'><strong><em>Οὐ</em></strong></span> <span class='ocrx_word' id='word_1_16' title='bbox 810 577 913 636; x_wconf 84' lang='grc' dir='ltr'><strong><em>τοίνυν</em></strong></span> <span class='ocrx_word' id='word_1_17' title='bbox 940 570 976 634; x_wconf 83' lang='grc' dir='ltr'><strong><em>οὸ</em></strong></span> <span class='ocrx_word' id='word_1_18' title='bbox 997 567 1034 653; x_wconf 73' lang='grc' dir='ltr'><strong><em>δὴ</em></strong></span> <span class='ocrx_word' id='word_1_19' title='bbox 1064 575 1173 654; x_wconf 82' lang='grc' dir='ltr'><strong><em>ῥητέον</em></strong></span> <span class='ocrx_word' id='word_1_20' title='bbox 1192 577 1292 656; x_wconf 85' lang='grc' dir='ltr'><strong><em>μένειν</em></strong></span> <span class='ocrx_word' id='word_1_21' title='bbox 1313 576 1342 639; x_wconf 87' lang='grc' dir='ltr'><strong><em>τὸ</em></strong></span> 
     </span>
     <span class='ocr_line' id='line_1_4' title="bbox 250 673 927 762; baseline 0.007 -23"><span class='ocrx_word' id='word_1_22' title='bbox 250 675 375 762; x_wconf 77' lang='grc' dir='ltr'><strong><em>προϊὸν,</em></strong></span> <span class='ocrx_word' id='word_1_23' title='bbox 400 673 480 740; x_wconf 76' lang='grc' dir='ltr'><strong><em>ἄλλα</em></strong></span> <span class='ocrx_word' id='word_1_24' title='bbox 502 675 536 742; x_wconf 91' lang='grc' dir='ltr'><strong><em>τὸ</em></strong></span> <span class='ocrx_word' id='word_1_25' title='bbox 560 679 658 742; x_wconf 81' lang='grc' dir='ltr'><strong><em>αἴτιον</em></strong></span> <span class='ocrx_word' id='word_1_26' title='bbox 681 681 734 742; x_wconf 84' lang='grc' dir='ltr'><strong><em>τοῦ</em></strong></span> <span class='ocrx_word' id='word_1_27' title='bbox 755 675 927 760; x_wconf 89' lang='grc' dir='ltr'><strong><em>προϊόντος.</em></strong></span> 
     </span>
     <span class='ocr_line' id='line_1_5' title="bbox 328 773 1341 872; baseline 0.005 -22"><span class='ocrx_word' id='word_1_28' title='bbox 328 782 414 858; x_wconf 80' lang='grc' dir='ltr'><strong><em>Ἴσως</em></strong></span> <span class='ocrx_word' id='word_1_29' title='bbox 437 773 494 850; x_wconf 83' lang='grc' dir='ltr'><strong><em>σὸν</em></strong></span> <span class='ocrx_word' id='word_1_30' title='bbox 514 781 606 850; x_wconf 85' lang='grc' dir='ltr'><strong><em>τοῦτὸ</em></strong></span> <span class='ocrx_word' id='word_1_31' title='bbox 628 790 693 850; x_wconf 83' lang='grc' dir='ltr'><strong><em>ἐστι</em></strong></span> <span class='ocrx_word' id='word_1_32' title='bbox 713 783 748 851; x_wconf 91' lang='grc' dir='ltr'><strong><em>τὸ</em></strong></span> <span class='ocrx_word' id='word_1_33' title='bbox 768 783 943 871; x_wconf 88' lang='grc' dir='ltr'><strong><em>λεγόμενον,</em></strong></span> <span class='ocrx_word' id='word_1_34' title='bbox 986 782 1034 851; x_wconf 84' lang='grc' dir='ltr'><strong><em>ὸτι</em></strong></span> <span class='ocrx_word' id='word_1_35' title='bbox 1061 792 1205 872; x_wconf 84' lang='grc' dir='ltr'><strong><em>μένοντος</em></strong></span> <span class='ocrx_word' id='word_1_36' title='bbox 1231 795 1341 856; x_wconf 79' lang='grc' dir='ltr'><strong><em>ἐκείνου</em></strong></span> 
     </span>
     <span class='ocr_line' id='line_1_6' title="bbox 252 889 1342 981; baseline 0.006 -25"><span class='ocrx_word' id='word_1_37' title='bbox 252 896 346 958; x_wconf 79' lang='grc' dir='ltr'><strong><em>τοῦτο</em></strong></span> <span class='ocrx_word' id='word_1_38' title='bbox 376 894 529 979; x_wconf 82' lang='grc' dir='ltr'><strong><em>πρὸεισιν;</em></strong></span> <span class='ocrx_word' id='word_1_39' title='bbox 556 889 576 978; x_wconf 78' lang='grc' dir='ltr'><em>ἢ</em></span> <span class='ocrx_word' id='word_1_40' title='bbox 601 891 656 959; x_wconf 81' lang='grc' dir='ltr'><strong><em>οὖν</em></strong></span> <span class='ocrx_word' id='word_1_41' title='bbox 677 897 791 958; x_wconf 81' lang='grc' dir='ltr'><strong><em>ἐκείνου</em></strong></span> <span class='ocrx_word' id='word_1_42' title='bbox 818 892 924 971; x_wconf 73' lang='grc' dir='ltr'><strong><em>ἁπλοῖς</em></strong></span> <span class='ocrx_word' id='word_1_43' title='bbox 951 892 1032 961; x_wconf 79' lang='grc' dir='ltr'><strong><em>ὸλλὸι</em></strong></span> <span class='ocrx_word' id='word_1_44' title='bbox 1054 900 1113 962; x_wconf 81' lang='grc' dir='ltr'><strong><em>τοῦ</em></strong></span> <span class='ocrx_word' id='word_1_45' title='bbox 1134 900 1168 961; x_wconf 85' lang='grc' dir='ltr'><strong><em>έν</em></strong></span> <span class='ocrx_word' id='word_1_46' title='bbox 1190 893 1276 981; x_wconf 71' lang='grc' dir='ltr'><strong><em>αὐτῷ</em></strong></span> <span class='ocrx_word' id='word_1_47' title='bbox 1296 904 1342 962; x_wconf 83' lang='grc' dir='ltr'><strong><em>αὶ-</em></strong></span> 
     </span>
     <span class='ocr_line' id='line_1_7' title="bbox 252 1000 1343 1098; baseline 0.004 -30"><span class='ocrx_word' id='word_1_48' title='bbox 252 1009 319 1068; x_wconf 89' lang='grc' dir='ltr'><strong><em>τίου</em></strong></span> <span class='ocrx_word' id='word_1_49' title='bbox 347 1003 500 1086; x_wconf 83' lang='grc' dir='ltr'><strong><em>μένοντος.</em></strong></span> <span class='ocrx_word' id='word_1_50' title='bbox 542 1005 609 1070; x_wconf 75' lang='grc' dir='ltr'><strong><em>Καὶ</em></strong></span> <span class='ocrx_word' id='word_1_51' title='bbox 636 1000 741 1087; x_wconf 71' lang='grc' dir='ltr'><strong><em>ἐπειδὴ</em></strong></span> <span class='ocrx_word' id='word_1_52' title='bbox 767 1002 933 1086; x_wconf 81' lang='grc' dir='ltr'><strong><em>ὃμοιοειὸές</em></strong></span> <span class='ocrx_word' id='word_1_53' title='bbox 947 1009 976 1080; x_wconf 78' lang='grc'><strong><em>7)</em></strong></span> <span class='ocrx_word' id='word_1_54' title='bbox 1001 1008 1037 1098; x_wconf 69' lang='grc' dir='ltr'><strong><em>τι]</em></strong></span> <span class='ocrx_word' id='word_1_55' title='bbox 1059 1010 1144 1089; x_wconf 78' lang='grc' dir='ltr'><strong><em>αἰτίη</em></strong></span> <span class='ocrx_word' id='word_1_56' title='bbox 1164 1002 1199 1070; x_wconf 94' lang='grc' dir='ltr'><strong><em>τὸ</em></strong></span> <span class='ocrx_word' id='word_1_57' title='bbox 1222 1006 1275 1071; x_wconf 80' lang='grc' dir='ltr'><strong><em>ἀπ’</em></strong></span> <span class='ocrx_word' id='word_1_58' title='bbox 1297 1013 1343 1072; x_wconf 77' lang='grc' dir='ltr'><strong><em>αἱ·</em></strong></span> 
     </span>
     <span class='ocr_line' id='line_1_8' title="bbox 251 1103 1343 1200; baseline 0.004 -24"><span class='ocrx_word' id='word_1_59' title='bbox 251 1117 332 1192; x_wconf 85' lang='grc' dir='ltr'><strong><em>τίας,</em></strong></span> <span class='ocrx_word' id='word_1_60' title='bbox 363 1109 443 1177; x_wconf 73' lang='grc' dir='ltr'><strong><em>αὐτὸ</em></strong></span> <span class='ocrx_word' id='word_1_61' title='bbox 469 1137 534 1186; x_wconf 81' lang='grc' dir='ltr'><strong><em>ποις</em></strong></span> <span class='ocrx_word' id='word_1_62' title='bbox 559 1103 737 1200; x_wconf 28' lang='grc' dir='ltr'><strong><em>λέγεται-τὸ</em></strong></span> <span class='ocrx_word' id='word_1_63' title='bbox 766 1115 858 1197; x_wconf 90' lang='grc' dir='ltr'><strong><em>μένον</em></strong></span> <span class='ocrx_word' id='word_1_64' title='bbox 888 1112 967 1179; x_wconf 80' lang='grc' dir='ltr'><strong><em>εἶναι</em></strong></span> <span class='ocrx_word' id='word_1_65' title='bbox 992 1116 1044 1178; x_wconf 77' lang='grc' dir='ltr'><strong><em>καὶ</em></strong></span> <span class='ocrx_word' id='word_1_66' title='bbox 1071 1111 1192 1198; x_wconf 80' lang='grc' dir='ltr'><strong><em>προϊὸν,</em></strong></span> <span class='ocrx_word' id='word_1_67' title='bbox 1223 1119 1287 1180; x_wconf 78' lang='grc' dir='ltr'><strong><em>ἔστι</em></strong></span> <span class='ocrx_word' id='word_1_68' title='bbox 1314 1115 1343 1180; x_wconf 82' lang='grc' dir='ltr'><strong><em>ὸὲ</em></strong></span> 
     </span>
     <span class='ocr_line' id='line_1_9' title="bbox 253 1214 1343 1314; baseline 0.008 -32"><span class='ocrx_word' id='word_1_69' title='bbox 253 1219 420 1305; x_wconf 76' lang='grc' dir='ltr'><strong><em>ὁλοσχερῶς</em></strong></span> <span class='ocrx_word' id='word_1_70' title='bbox 439 1219 494 1302; x_wconf 84' lang='grc' dir='ltr'><strong><em>μὲν</em></strong></span> <span class='ocrx_word' id='word_1_71' title='bbox 514 1214 628 1286; x_wconf 92' lang='grc' dir='ltr'><strong><em>ταυτὸν</em></strong></span> <span class='ocrx_word' id='word_1_72' title='bbox 644 1224 686 1314; x_wconf 73' lang='grc' dir='ltr'><strong><em>τῇ</em></strong></span> <span class='ocrx_word' id='word_1_73' title='bbox 706 1247 740 1306; x_wconf 91' lang='grc' dir='ltr'><strong><em>γε</em></strong></span> <span class='ocrx_word' id='word_1_74' title='bbox 761 1217 891 1307; x_wconf 77' lang='grc' dir='ltr'><strong><em>ἰδιότητι</em></strong></span> <span class='ocrx_word' id='word_1_75' title='bbox 912 1223 964 1287; x_wconf 72' lang='grc' dir='ltr'><strong><em>καὶ</em></strong></span> <span class='ocrx_word' id='word_1_76' title='bbox 985 1226 1026 1307; x_wconf 78' lang='grc' dir='ltr'><strong><em>τῷ</em></strong></span> <span class='ocrx_word' id='word_1_77' title='bbox 1049 1221 1139 1303; x_wconf 80' lang='grc' dir='ltr'><strong><em>εἴδει,</em></strong></span> <span class='ocrx_word' id='word_1_78' title='bbox 1170 1220 1247 1290; x_wconf 80' lang='grc' dir='ltr'><strong><em>νατὸ</em></strong></span> <span class='ocrx_word' id='word_1_79' title='bbox 1274 1224 1343 1311; x_wconf 77' lang='grc' dir='ltr'><strong><em>ἀλη-</em></strong></span> 
     </span>
     <span class='ocr_line' id='line_1_10' title="bbox 252 1325 1001 1422; baseline 0.009 -32"><span class='ocrx_word' id='word_1_80' title='bbox 252 1330 346 1392; x_wconf 68' lang='grc' dir='ltr'><strong><em>θειαν</em></strong></span> <span class='ocrx_word' id='word_1_81' title='bbox 368 1325 402 1393; x_wconf 83' lang='grc' dir='ltr'><strong><em>ὸὲ</em></strong></span> <span class='ocrx_word' id='word_1_82' title='bbox 424 1326 463 1392; x_wconf 86' lang='grc' dir='ltr'><strong><em>οὸ</em></strong></span> <span class='ocrx_word' id='word_1_83' title='bbox 484 1328 614 1408; x_wconf 86' lang='grc' dir='ltr'><strong><em>ταυτὸν,</em></strong></span> <span class='ocrx_word' id='word_1_84' title='bbox 642 1326 716 1392; x_wconf 84' lang='grc' dir='ltr'><strong><em>οὸὸὲ</em></strong></span> <span class='ocrx_word' id='word_1_85' title='bbox 736 1334 774 1422; x_wconf 72' lang='grc' dir='ltr'><strong><em>τῇ</em></strong></span> <span class='ocrx_word' id='word_1_86' title='bbox 795 1325 974 1396; x_wconf 71' lang='grc' dir='ltr'><strong><em>ὑποστάσει.</em></strong></span> <span class='ocrx_word' id='word_1_87' title='bbox 998 1362 1001 1369; x_wconf 90' lang='lat'>·</span> 
     </span>
     <span class='ocr_line' id='line_1_11' title="bbox 329 1428 1341 1530; baseline 0.007 -28"><span class='ocrx_word' id='word_1_88' title='bbox 329 1435 410 1503; x_wconf 84' lang='grc' dir='ltr'><strong><em>Ἀλλ’</em></strong></span> <span class='ocrx_word' id='word_1_89' title='bbox 430 1443 458 1503; x_wconf 87' lang='grc' dir='ltr'><strong><em>εϊ</em></strong></span> <span class='ocrx_word' id='word_1_90' title='bbox 480 1430 561 1502; x_wconf 74' lang='grc' dir='ltr'><strong><em>οὕτω</em></strong></span> <span class='ocrx_word' id='word_1_91' title='bbox 582 1465 628 1516; x_wconf 91' lang='grc' dir='ltr'><strong><em>τις</em></strong></span> <span class='ocrx_word' id='word_1_92' title='bbox 649 1436 844 1518; x_wconf 79' lang='grc' dir='ltr'><strong><em>ὸποτίθσιτο,</em></strong></span> <span class='ocrx_word' id='word_1_93' title='bbox 864 1442 1020 1525; x_wconf 80' lang='grc' dir='ltr'><strong><em>πρῶτον</em></strong></span> <span class='ocrx_word' id='word_1_94' title='bbox 1041 1433 1204 1508; x_wconf 74' lang='grc' dir='ltr'><strong><em>διασπάσει</em></strong></span> <span class='ocrx_word' id='word_1_95' title='bbox 1220 1443 1258 1507; x_wconf 87' lang='grc' dir='ltr'><strong><em>τὸ</em></strong></span> <span class='ocrx_word' id='word_1_96' title='bbox 1270 1428 1341 1530; x_wconf 79' lang='grc' dir='ltr'><strong><em>παρ-</em></strong></span> 
     </span>
     <span class='ocr_line' id='line_1_12' title="bbox 255 1542 1338 1634; baseline 0.003 -22"><span class='ocrx_word' id='word_1_97' title='bbox 255 1549 402 1633; x_wconf 87' lang='grc' dir='ltr'><strong><em>αγόμενον</em></strong></span> <span class='ocrx_word' id='word_1_98' title='bbox 429 1544 491 1612; x_wconf 77' lang='grc' dir='ltr'><strong><em>ἀπὸ</em></strong></span> <span class='ocrx_word' id='word_1_99' title='bbox 516 1550 574 1612; x_wconf 81' lang='grc' dir='ltr'><strong><em>τοῦ</em></strong></span> <span class='ocrx_word' id='word_1_100' title='bbox 599 1542 807 1634; x_wconf 81' lang='grc' dir='ltr'><strong><em>παράγοντος,</em></strong></span> <span class='ocrx_word' id='word_1_101' title='bbox 841 1553 868 1613; x_wconf 77' lang='grc' dir='ltr'><strong><em>εἰ</em></strong></span> <span class='ocrx_word' id='word_1_102' title='bbox 894 1547 988 1634; x_wconf 82' lang='grc' dir='ltr'><strong><em>μηδὲν</em></strong></span> <span class='ocrx_word' id='word_1_103' title='bbox 1015 1549 1120 1626; x_wconf 76' lang='grc' dir='ltr'><strong><em>αὐτοῖς</em></strong></span> <span class='ocrx_word' id='word_1_104' title='bbox 1154 1555 1220 1617; x_wconf 82' lang='grc' dir='ltr'><strong><em>ἐστι</em></strong></span> <span class='ocrx_word' id='word_1_105' title='bbox 1247 1549 1338 1617; x_wconf 88' lang='grc' dir='ltr'><strong><em>κοινὸν</em></strong></span> 
     </span>
     <span class='ocr_line' id='line_1_13' title="bbox 255 1653 1340 1750; baseline 0.003 -29"><span class='ocrx_word' id='word_1_106' title='bbox 255 1657 331 1721; x_wconf 56' lang='grc' dir='ltr'><strong><em>καθ)</em></strong></span> <span class='ocrx_word' id='word_1_107' title='bbox 363 1653 554 1733; x_wconf 74' lang='grc' dir='ltr'><strong><em>ὑπόστασιν,</em></strong></span> <span class='ocrx_word' id='word_1_108' title='bbox 579 1653 658 1738; x_wconf 82' lang='grc' dir='ltr'><strong><em>μηδὲ</em></strong></span> <span class='ocrx_word' id='word_1_109' title='bbox 688 1659 798 1750; x_wconf 74' lang='grc' dir='ltr'><strong><em>συνεγῇ</em></strong></span> <span class='ocrx_word' id='word_1_110' title='bbox 825 1656 865 1722; x_wconf 82' lang='grc' dir='ltr'><strong><em>τὸ</em></strong></span> <span class='ocrx_word' id='word_1_111' title='bbox 891 1655 1040 1744; x_wconf 89' lang='grc' dir='ltr'><strong><em>προϊόντα</em></strong></span> <span class='ocrx_word' id='word_1_112' title='bbox 1069 1673 1134 1734; x_wconf 88' lang='grc' dir='ltr'><strong><em>τοϊς</em></strong></span> <span class='ocrx_word' id='word_1_113' title='bbox 1152 1662 1340 1747; x_wconf 77' lang='grc' dir='ltr'><strong><em>προάγουσιν,</em></strong></span> 
     </span>
     <span class='ocr_line' id='line_1_14' title="bbox 255 1761 1340 1852; baseline 0.004 -22"><span class='ocrx_word' id='word_1_114' title='bbox 255 1763 332 1830; x_wconf 83' lang='grc' dir='ltr'><strong><em>ἇλλὸ</em></strong></span> <span class='ocrx_word' id='word_1_115' title='bbox 352 1765 493 1851; x_wconf 85' lang='grc' dir='ltr'><strong><em>γεννᾶται</em></strong></span> <span class='ocrx_word' id='word_1_116' title='bbox 502 1764 610 1830; x_wconf 80' lang='grc' dir='ltr'><strong><em>,ταῦτα</em></strong></span> <span class='ocrx_word' id='word_1_117' title='bbox 631 1761 686 1830; x_wconf 78' lang='grc' dir='ltr'><strong><em>ἀπ’</em></strong></span> <span class='ocrx_word' id='word_1_118' title='bbox 708 1767 842 1845; x_wconf 80' lang='grc' dir='ltr'><strong><em>ἐκείνων,</em></strong></span> <span class='ocrx_word' id='word_1_119' title='bbox 866 1763 906 1842; x_wconf 79' lang='grc' dir='ltr'><strong><em>ὡς</em></strong></span> <span class='ocrx_word' id='word_1_120' title='bbox 927 1761 1093 1852; x_wconf 77' lang='grc' dir='ltr'><strong><em>ἅνθρωπος</em></strong></span> <span class='ocrx_word' id='word_1_121' title='bbox 1114 1772 1146 1846; x_wconf 80' lang='grc' dir='ltr'><strong><em>ἐξ</em></strong></span> <span class='ocrx_word' id='word_1_122' title='bbox 1165 1767 1340 1852; x_wconf 73' lang='grc' dir='ltr'><strong><em>ἆνθρώπσυ,</em></strong></span> 
     </span>
     <span class='ocr_line' id='line_1_15' title="bbox 256 1872 490 1959; baseline 0.009 -23"><span class='ocrx_word' id='word_1_123' title='bbox 256 1872 490 1959; x_wconf 83' lang='grc' dir='ltr'><strong><em>ὸιαιιοπτὸμενα.</em></strong></span> 
     </span>
     <span class='ocr_line' id='line_1_16' title="bbox 338 1971 1342 2070; baseline 0.001 -22"><span class='ocrx_word' id='word_1_124' title='bbox 338 1981 533 2068; x_wconf 81' lang='grc' dir='ltr'><strong><em>Δεύτερον</em></strong></span> <span class='ocrx_word' id='word_1_125' title='bbox 554 1971 598 2062; x_wconf 82' lang='grc' dir='ltr'><strong><em>δέ,</em></strong></span> <span class='ocrx_word' id='word_1_126' title='bbox 619 1988 646 2048; x_wconf 79' lang='grc' dir='ltr'><strong><em>εἰ</em></strong></span> <span class='ocrx_word' id='word_1_127' title='bbox 668 1985 821 2070; x_wconf 79' lang='grc' dir='ltr'><strong><em>ὁλοσχερεῖ</em></strong></span> <span class='ocrx_word' id='word_1_128' title='bbox 830 1981 911 2070; x_wconf 87' lang='grc' dir='ltr'><strong><em>λόγῳ</em></strong></span> <span class='ocrx_word' id='word_1_129' title='bbox 924 1987 975 2050; x_wconf 84' lang='grc' dir='ltr'><strong><em>καὶ</em></strong></span> <span class='ocrx_word' id='word_1_130' title='bbox 988 1984 1044 2052; x_wconf 78' lang='grc' dir='ltr'><strong><em>ουίι</em></strong></span> <span class='ocrx_word' id='word_1_131' title='bbox 1060 1984 1177 2069; x_wconf 76' lang='grc' dir='ltr'><strong><em>ἀληθεῖ</em></strong></span> <span class='ocrx_word' id='word_1_132' title='bbox 1190 1983 1225 2050; x_wconf 90' lang='grc' dir='ltr'><strong><em>τὸ</em></strong></span> <span class='ocrx_word' id='word_1_133' title='bbox 1239 1986 1342 2068; x_wconf 80' lang='grc' dir='ltr'><strong><em>προϊὸν</em></strong></span> 
     </span>
     <span class='ocr_line' id='line_1_17' title="bbox 255 2089 1342 2180; baseline 0.002 -24"><span class='ocrx_word' id='word_1_134' title='bbox 255 2092 367 2178; x_wconf 74' lang='grc' dir='ltr'><strong><em>ἀνάγκη</em></strong></span> <span class='ocrx_word' id='word_1_135' title='bbox 388 2095 487 2176; x_wconf 83' lang='grc' dir='ltr'><strong><em>μένειν</em></strong></span> <span class='ocrx_word' id='word_1_136' title='bbox 495 2141 503 2172; x_wconf 91' lang='grc'><strong><em>,</em></strong></span> <span class='ocrx_word' id='word_1_137' title='bbox 539 2089 608 2156; x_wconf 73' lang='grc' dir='ltr'><strong><em>οὐδ’</em></strong></span> <span class='ocrx_word' id='word_1_138' title='bbox 623 2096 652 2166; x_wconf 74' lang='grc'><strong><em>8)</em></strong></span> <span class='ocrx_word' id='word_1_139' title='bbox 675 2089 711 2158; x_wconf 76' lang='grc' dir='ltr'><strong><em>ὸν</em></strong></span> <span class='ocrx_word' id='word_1_140' title='bbox 732 2093 853 2177; x_wconf 76' lang='grc' dir='ltr'><strong><em>ἀληθές</em></strong></span> <span class='ocrx_word' id='word_1_141' title='bbox 873 2096 919 2180; x_wconf 79' lang='grc' dir='ltr'><strong><em>εἴη</em></strong></span> <span class='ocrx_word' id='word_1_142' title='bbox 940 2090 976 2159; x_wconf 93' lang='grc' dir='ltr'><strong><em>τὸ</em></strong></span> <span class='ocrx_word' id='word_1_143' title='bbox 1005 2093 1134 2177; x_wconf 76' lang='grc' dir='ltr'><strong><em>ἀξίωμα,</em></strong></span> <span class='ocrx_word' id='word_1_144' title='bbox 1165 2091 1342 2178; x_wconf 82' lang='grc' dir='ltr'><strong><em>φαινόμενον</em></strong></span> 
     </span>
     <span class='ocr_line' id='line_1_18' title="bbox 256 2189 1341 2286; baseline 0.004 -24"><span class='ocrx_word' id='word_1_145' title='bbox 256 2201 289 2266; x_wconf 81' lang='grc' dir='ltr'><strong><em>ὸὲ</em></strong></span> <span class='ocrx_word' id='word_1_146' title='bbox 317 2192 505 2286; x_wconf 42' lang='grc' dir='ltr'><strong><em>μὸνον,·,“ότι</em></strong></span> <span class='ocrx_word' id='word_1_147' title='bbox 531 2202 698 2286; x_wconf 83' lang='grc' dir='ltr'><strong><em>φαινομένη</em></strong></span> <span class='ocrx_word' id='word_1_148' title='bbox 727 2202 779 2266; x_wconf 79' lang='grc' dir='ltr'><strong><em>καὶ</em></strong></span> <span class='ocrx_word' id='word_1_149' title='bbox 800 2201 819 2286; x_wconf 73' lang='grc' dir='ltr'>ἡ</span> <span class='ocrx_word' id='word_1_150' title='bbox 841 2200 1011 2286; x_wconf 87' lang='grc' dir='ltr'><strong><em>ταυτότης,</em></strong></span> <span class='ocrx_word' id='word_1_151' title='bbox 1040 2203 1100 2286; x_wconf 85' lang='grc' dir='ltr'><strong><em>εἴγε</em></strong></span> <span class='ocrx_word' id='word_1_152' title='bbox 1122 2189 1180 2267; x_wconf 86' lang='grc' dir='ltr'><strong><em>οόν</em></strong></span> <span class='ocrx_word' id='word_1_153' title='bbox 1201 2201 1221 2282; x_wconf 79' lang='grc' dir='ltr'>ἡ</span> <span class='ocrx_word' id='word_1_154' title='bbox 1242 2227 1341 2266; x_wconf 84' lang='grc' dir='ltr'><strong><em>νοννυ-</em></strong></span> 
     </span>
     <span class='ocr_line' id='line_1_19' title="bbox 256 2313 539 2395; baseline 0 -22"><span class='ocrx_word' id='word_1_155' title='bbox 256 2317 306 2376; x_wconf 83' lang='grc' dir='ltr'><strong><em>νία</em></strong></span> <span class='ocrx_word' id='word_1_156' title='bbox 328 2315 382 2395; x_wconf 71' lang='grc' dir='ltr'><strong><em>τῆς</em></strong></span> <span class='ocrx_word' id='word_1_157' title='bbox 404 2313 539 2394; x_wconf 83' lang='grc' dir='ltr'><strong><em>σχέσεως.</em></strong></span> 
     </span>
     <span class='ocr_line' id='line_1_20' title="bbox 330 2407 1343 2500; baseline -0.001 -19"><span class='ocrx_word' id='word_1_158' title='bbox 330 2415 394 2481; x_wconf 83' lang='grc' dir='ltr'><strong><em>Ἐκ</em></strong></span> <span class='ocrx_word' id='word_1_159' title='bbox 416 2413 456 2480; x_wconf 86' lang='grc' dir='ltr'><strong><em>ὸὲ</em></strong></span> <span class='ocrx_word' id='word_1_160' title='bbox 476 2421 639 2498; x_wconf 80' lang='grc' dir='ltr'><strong><em>τρίτων,</em></strong></span> <span class='ocrx_word' id='word_1_161' title='bbox 669 2411 756 2480; x_wconf 78' lang='grc' dir='ltr'><strong><em>οὐδέν</em></strong></span> <span class='ocrx_word' id='word_1_162' title='bbox 784 2419 846 2500; x_wconf 78' lang='grc' dir='ltr'><strong><em>ἐρεῖ</em></strong></span> <span class='ocrx_word' id='word_1_163' title='bbox 870 2417 978 2500; x_wconf 90' lang='grc' dir='ltr'><strong><em>σεμνὸν</em></strong></span> <span class='ocrx_word' id='word_1_164' title='bbox 1008 2407 1147 2490; x_wconf 79' lang='grc' dir='ltr'><strong><em>οὗτοςὸ</em></strong></span> <span class='ocrx_word' id='word_1_165' title='bbox 1178 2415 1286 2500; x_wconf 87' lang='grc' dir='ltr'><strong><em>λόγος,</em></strong></span> <span class='ocrx_word' id='word_1_166' title='bbox 1321 2423 1343 2480; x_wconf 80' lang='grc' dir='ltr'><strong><em>εἰ</em></strong></span> 
     </span>
     <span class='ocr_line' id='line_1_21' title="bbox 256 2516 1342 2608; baseline -0.002 -19"><span class='ocrx_word' id='word_1_167' title='bbox 256 2528 345 2590; x_wconf 80' lang='grc' dir='ltr'><strong><em>τοῦτο</em></strong></span> <span class='ocrx_word' id='word_1_168' title='bbox 368 2528 444 2606; x_wconf 79' lang='grc' dir='ltr'><strong><em>ἐρεῖ,</em></strong></span> <span class='ocrx_word' id='word_1_169' title='bbox 471 2516 519 2589; x_wconf 79' lang='grc' dir='ltr'><strong><em>ότι</em></strong></span> <span class='ocrx_word' id='word_1_170' title='bbox 540 2519 578 2588; x_wconf 91' lang='grc' dir='ltr'><strong><em>τὸ</em></strong></span> <span class='ocrx_word' id='word_1_171' title='bbox 599 2525 720 2608; x_wconf 80' lang='grc' dir='ltr'><strong><em>πρῶτον</em></strong></span> <span class='ocrx_word' id='word_1_172' title='bbox 742 2521 797 2588; x_wconf 88' lang='grc' dir='ltr'><strong><em>οὸκ</em></strong></span> <span class='ocrx_word' id='word_1_173' title='bbox 819 2526 883 2588; x_wconf 81' lang='grc' dir='ltr'><strong><em>ἔστι</em></strong></span> <span class='ocrx_word' id='word_1_174' title='bbox 904 2522 1064 2606; x_wconf 80' lang='grc' dir='ltr'><strong><em>δεύτερον,</em></strong></span> <span class='ocrx_word' id='word_1_175' title='bbox 1093 2521 1165 2588; x_wconf 85' lang='grc' dir='ltr'><strong><em>οὸὸὲ</em></strong></span> <span class='ocrx_word' id='word_1_176' title='bbox 1184 2525 1221 2588; x_wconf 90' lang='grc' dir='ltr'><strong><em>τὸ</em></strong></span> <span class='ocrx_word' id='word_1_177' title='bbox 1245 2523 1342 2590; x_wconf 86' lang='grc' dir='ltr'><strong><em>ὸεὸτε·</em></strong></span> 
     </span>
     <span class='ocr_line' id='line_1_22' title="bbox 258 2628 1343 2717; baseline 0 -21"><span class='ocrx_word' id='word_1_178' title='bbox 258 2659 312 2716; x_wconf 89' lang='grc' dir='ltr'><strong><em>ρον</em></strong></span> <span class='ocrx_word' id='word_1_179' title='bbox 338 2636 474 2715; x_wconf 79' lang='grc' dir='ltr'><strong><em>πρῶτον,</em></strong></span> <span class='ocrx_word' id='word_1_180' title='bbox 500 2629 523 2717; x_wconf 82' lang='grc' dir='ltr'><strong><em>η”</em></strong></span> <span class='ocrx_word' id='word_1_181' title='bbox 553 2629 590 2697; x_wconf 88' lang='grc' dir='ltr'><strong><em>τὸ</em></strong></span> <span class='ocrx_word' id='word_1_182' title='bbox 616 2634 728 2716; x_wconf 80' lang='grc' dir='ltr'><strong><em>γεννῶν</em></strong></span> <span class='ocrx_word' id='word_1_183' title='bbox 750 2631 805 2698; x_wconf 84' lang='grc' dir='ltr'><strong><em>οὐκ</em></strong></span> <span class='ocrx_word' id='word_1_184' title='bbox 827 2635 893 2697; x_wconf 78' lang='grc' dir='ltr'><strong><em>ἔστι</em></strong></span> <span class='ocrx_word' id='word_1_185' title='bbox 913 2631 949 2698; x_wconf 92' lang='grc' dir='ltr'><strong><em>τὸ</em></strong></span> <span class='ocrx_word' id='word_1_186' title='bbox 972 2628 1169 2717; x_wconf 79' lang='grc' dir='ltr'><strong><em>γεννώμενον,</em></strong></span> <span class='ocrx_word' id='word_1_187' title='bbox 1200 2635 1252 2696; x_wconf 78' lang='grc' dir='ltr'><strong><em>καὶ</em></strong></span> <span class='ocrx_word' id='word_1_188' title='bbox 1274 2629 1343 2697; x_wconf 80' lang='grc' dir='ltr'><strong><em>α’νὸ-</em></strong></span> 
     </span>
     <span class='ocr_line' id='line_1_23' title="bbox 258 2713 1343 2834; baseline -0.003 -28"><span class='ocrx_word' id='word_1_189' title='bbox 258 2742 368 2820; x_wconf 91' lang='grc' dir='ltr'><strong><em>παλιν,</em></strong></span> <span class='ocrx_word' id='word_1_190' title='bbox 394 2745 488 2806; x_wconf 82' lang='grc' dir='ltr'><strong><em>ἐκεῖνο</em></strong></span> <span class='ocrx_word' id='word_1_191' title='bbox 519 2741 573 2824; x_wconf 80' lang='grc' dir='ltr'><strong><em>μὲν</em></strong></span> <span class='ocrx_word' id='word_1_192' title='bbox 598 2744 717 2823; x_wconf 89' lang='grc' dir='ltr'><strong><em>μένειν,</em></strong></span> <span class='ocrx_word' id='word_1_193' title='bbox 748 2713 841 2804; x_wconf 67' lang='grc' dir='ltr'><strong><em>τοῦὸο</em></strong></span> <span class='ocrx_word' id='word_1_194' title='bbox 867 2739 900 2804; x_wconf 77' lang='grc' dir='ltr'><strong><em>δέ</em></strong></span> <span class='ocrx_word' id='word_1_195' title='bbox 928 2744 1067 2834; x_wconf 86' lang='grc' dir='ltr'><strong><em>προϊέναι</em></strong></span> <span class='ocrx_word' id='word_1_196' title='bbox 1090 2741 1154 2809; x_wconf 80' lang='grc' dir='ltr'><strong><em>,καὶ</em></strong></span> <span class='ocrx_word' id='word_1_197' title='bbox 1189 2739 1343 2822; x_wconf 87' lang='grc' dir='ltr'><strong><em>οόὸέτερον</em></strong></span> 
     </span>
     <span class='ocr_line' id='line_1_24' title="bbox 259 2845 753 2934; baseline -0.006 -20"><span class='ocrx_word' id='word_1_198' title='bbox 259 2845 321 2934; x_wconf 74' lang='grc' dir='ltr'><strong><em>ἅμα</em></strong></span> <span class='ocrx_word' id='word_1_199' title='bbox 341 2851 391 2913; x_wconf 81' lang='grc' dir='ltr'><strong><em>καὶ</em></strong></span> <span class='ocrx_word' id='word_1_200' title='bbox 411 2851 552 2931; x_wconf 86' lang='grc' dir='ltr'><strong><em>προϊέναι</em></strong></span> <span class='ocrx_word' id='word_1_201' title='bbox 572 2848 624 2910; x_wconf 80' lang='grc' dir='ltr'><strong><em>καὶ</em></strong></span> <span class='ocrx_word' id='word_1_202' title='bbox 644 2850 753 2931; x_wconf 85' lang='grc' dir='ltr'><strong><em>μένειν.</em></strong></span> 
     </span>
     <span class='ocr_line' id='line_1_25' title="bbox 341 2945 1342 3045; baseline -0.005 -21"><span class='ocrx_word' id='word_1_203' title='bbox 341 2956 476 3043; x_wconf 73' lang='grc' dir='ltr'><strong><em>Μήποτε</em></strong></span> <span class='ocrx_word' id='word_1_204' title='bbox 505 2947 562 3022; x_wconf 81' lang='grc' dir='ltr'><strong><em>σὸν</em></strong></span> <span class='ocrx_word' id='word_1_205' title='bbox 591 2955 626 3021; x_wconf 89' lang='grc' dir='ltr'><strong><em>τὸ</em></strong></span> <span class='ocrx_word' id='word_1_206' title='bbox 653 2945 761 3045; x_wconf 80' lang='grc' dir='ltr'><strong><em>προϊὸν</em></strong></span> <span class='ocrx_word' id='word_1_207' title='bbox 790 2953 931 3023; x_wconf 82' lang='grc' dir='ltr'><strong><em>τοιοῦτὸν</em></strong></span> <span class='ocrx_word' id='word_1_208' title='bbox 964 2961 1061 3036; x_wconf 81' lang='grc' dir='ltr'><strong><em>ἔστιν,</em></strong></span> <span class='ocrx_word' id='word_1_209' title='bbox 1106 2955 1171 3021; x_wconf 77' lang='grc' dir='ltr'><strong><em>οἷον</em></strong></span> <span class='ocrx_word' id='word_1_210' title='bbox 1198 2953 1342 3039; x_wconf 82' lang='grc' dir='ltr'><strong><em>μηδετέρῳ</em></strong></span> 
     </span>
     <span class='ocr_line' id='line_1_26' title="bbox 260 3062 1343 3158; baseline -0.006 -27"><span class='ocrx_word' id='word_1_211' title='bbox 260 3071 444 3153; x_wconf 72' lang='grc' dir='ltr'><strong><em>κρατεῖσθαι</em></strong></span> <span class='ocrx_word' id='word_1_212' title='bbox 464 3064 537 3149; x_wconf 79' lang='grc' dir='ltr'><strong><em>μήτε</em></strong></span> <span class='ocrx_word' id='word_1_213' title='bbox 557 3069 650 3158; x_wconf 72' lang='grc' dir='ltr'><strong><em>μονῇ,</em></strong></span> <span class='ocrx_word' id='word_1_214' title='bbox 680 3063 755 3150; x_wconf 72' lang='grc' dir='ltr'><strong><em>μήτε</em></strong></span> <span class='ocrx_word' id='word_1_215' title='bbox 775 3062 899 3150; x_wconf 85' lang='grc' dir='ltr'><strong><em>προὸὸῳ</em></strong></span> <span class='ocrx_word' id='word_1_216' title='bbox 920 3065 1026 3148; x_wconf 87' lang='grc' dir='ltr'><strong><em>μόνον,</em></strong></span> <span class='ocrx_word' id='word_1_217' title='bbox 1052 3063 1130 3130; x_wconf 84' lang='grc' dir='ltr'><strong><em>ἇλλὸ</em></strong></span> <span class='ocrx_word' id='word_1_218' title='bbox 1154 3067 1230 3150; x_wconf 83' lang='grc' dir='ltr'><strong><em>ἔχειν</em></strong></span> <span class='ocrx_word' id='word_1_219' title='bbox 1250 3091 1280 3127; x_wconf 88' lang='grc' dir='ltr'><strong><em>τι</em></strong></span> <span class='ocrx_word' id='word_1_220' title='bbox 1300 3063 1343 3126; x_wconf 86' lang='grc' dir='ltr'><strong><em>νιὸ</em></strong></span> 
     </span>
     <span class='ocr_line' id='line_1_27' title="bbox 259 3166 1343 3261; baseline -0.007 -19"><span class='ocrx_word' id='word_1_221' title='bbox 259 3181 347 3259; x_wconf 88' lang='grc' dir='ltr'><strong><em>μένον</em></strong></span> <span class='ocrx_word' id='word_1_222' title='bbox 369 3178 420 3241; x_wconf 80' lang='grc' dir='ltr'><strong><em>καὶ</em></strong></span> <span class='ocrx_word' id='word_1_223' title='bbox 441 3173 548 3261; x_wconf 90' lang='grc' dir='ltr'><strong><em>προϊὸν</em></strong></span> <span class='ocrx_word' id='word_1_224' title='bbox 572 3175 664 3256; x_wconf 81' lang='grc' dir='ltr'><strong><em>ὁμοῦ,</em></strong></span> <span class='ocrx_word' id='word_1_225' title='bbox 686 3166 760 3260; x_wconf 77' lang='grc' dir='ltr'><strong><em>ὅπερ</em></strong></span> <span class='ocrx_word' id='word_1_226' title='bbox 780 3170 965 3240; x_wconf 84' lang='grc' dir='ltr'><strong><em>αϊτιατὸν</em></strong></span> <span class='ocrx_word' id='word_1_227' title='bbox 986 3173 1064 3239; x_wconf 76' lang='grc' dir='ltr'><strong><em>εἶναι’</em></strong></span> <span class='ocrx_word' id='word_1_228' title='bbox 1082 3177 1196 3256; x_wconf 79' lang='grc' dir='ltr'><strong><em>φαμεν·</em></strong></span> <span class='ocrx_word' id='word_1_229' title='bbox 1218 3177 1276 3257; x_wconf 73' lang='grc' dir='ltr'><strong><em>τῆς</em></strong></span> <span class='ocrx_word' id='word_1_230' title='bbox 1296 3170 1343 3256; x_wconf 88' lang='grc' dir='ltr'><strong><em>γὸρ</em></strong></span> 
     </span>
     <span class='ocr_line' id='line_1_28' title="bbox 260 3273 1345 3367; baseline -0.005 -21"><span class='ocrx_word' id='word_1_231' title='bbox 260 3285 319 3347; x_wconf 81' lang='grc' dir='ltr'><strong><em>τοῦ</em></strong></span> <span class='ocrx_word' id='word_1_232' title='bbox 344 3283 527 3367; x_wconf 86' lang='grc' dir='ltr'><strong><em>γεννωμένου</em></strong></span> <span class='ocrx_word' id='word_1_233' title='bbox 552 3276 672 3363; x_wconf 78' lang='grc' dir='ltr'><strong><em>φύσεώς</em></strong></span> <span class='ocrx_word' id='word_1_234' title='bbox 692 3284 757 3345; x_wconf 82' lang='grc' dir='ltr'><strong><em>ἐστι</em></strong></span> <span class='ocrx_word' id='word_1_235' title='bbox 777 3277 811 3344; x_wconf 90' lang='grc' dir='ltr'><strong><em>τὸ</em></strong></span> <span class='ocrx_word' id='word_1_236' title='bbox 832 3279 1065 3367; x_wconf 87' lang='grc' dir='ltr'><strong><em>συναμφότερον.</em></strong></span> <span class='ocrx_word' id='word_1_237' title='bbox 1119 3273 1213 3348; x_wconf 82' lang='grc' dir='ltr'><strong><em>Οὸτω,</em></strong></span> <span class='ocrx_word' id='word_1_238' title='bbox 1237 3278 1293 3364; x_wconf 80' lang='grc' dir='ltr'><strong><em>γὰρ</em></strong></span> <span class='ocrx_word' id='word_1_239' title='bbox 1313 3275 1345 3341; x_wconf 85' lang='grc' dir='ltr'><strong><em>ὸν</em></strong></span> 
     </span>
     <span class='ocr_line' id='line_1_29' title="bbox 260 3381 1342 3474; baseline -0.005 -20"><span class='ocrx_word' id='word_1_240' title='bbox 260 3387 381 3474; x_wconf 88' lang='grc' dir='ltr'><strong><em>λέγοιτο</em></strong></span> <span class='ocrx_word' id='word_1_241' title='bbox 398 3389 498 3466; x_wconf 78' lang='grc' dir='ltr'><strong><em>καλοῖς</em></strong></span> <span class='ocrx_word' id='word_1_242' title='bbox 515 3393 614 3473; x_wconf 86' lang='grc' dir='ltr'><strong><em>μένειν</em></strong></span> <span class='ocrx_word' id='word_1_243' title='bbox 630 3386 664 3452; x_wconf 92' lang='grc' dir='ltr'><strong><em>τὸ</em></strong></span> <span class='ocrx_word' id='word_1_244' title='bbox 679 3385 799 3472; x_wconf 89' lang='grc' dir='ltr'><strong><em>προϊὸν,</em></strong></span> <span class='ocrx_word' id='word_1_245' title='bbox 821 3395 848 3453; x_wconf 79' lang='grc' dir='ltr'><strong><em>εἰ</em></strong></span> <span class='ocrx_word' id='word_1_246' title='bbox 862 3381 1039 3472; x_wconf 76' lang='grc' dir='ltr'><strong><em>προϊσιὸλμα</em></strong></span> <span class='ocrx_word' id='word_1_247' title='bbox 1053 3390 1103 3452; x_wconf 82' lang='grc' dir='ltr'><strong><em>ναὶ</em></strong></span> <span class='ocrx_word' id='word_1_248' title='bbox 1123 3392 1210 3472; x_wconf 91' lang='grc' dir='ltr'><strong><em>μένοι</em></strong></span> <span class='ocrx_word' id='word_1_249' title='bbox 1231 3384 1342 3451; x_wconf 71' lang='grc' dir='ltr'><strong><em>ταυτὸν.</em></strong></span> 
     </span>
     <span class='ocr_line' id='line_1_30' title="bbox 179 3511 1344 3608; baseline -0.003 -27"><span class='ocrx_word' id='word_1_250' title='bbox 179 3537 241 3592; x_wconf 51' lang='lat' dir='ltr'><strong><em>pag}</em></strong></span> <span class='ocrx_word' id='word_1_251' title='bbox 338 3518 421 3587; x_wconf 83' lang='grc' dir='ltr'><strong><em>Ἀλλ’</em></strong></span> <span class='ocrx_word' id='word_1_252' title='bbox 451 3524 478 3583; x_wconf 88' lang='grc' dir='ltr'><strong><em>εϊ</em></strong></span> <span class='ocrx_word' id='word_1_253' title='bbox 503 3524 557 3599; x_wconf 89' lang='grc' dir='ltr'><strong><em>μέν</em></strong></span> <span class='ocrx_word' id='word_1_254' title='bbox 583 3523 673 3608; x_wconf 84' lang='grc' dir='ltr'><strong><em>τοῦτο</em></strong></span> <span class='ocrx_word' id='word_1_255' title='bbox 704 3518 845 3602; x_wconf 83' lang='grc' dir='ltr'><strong><em>λέγοιμεν</em></strong></span> <span class='ocrx_word' id='word_1_256' title='bbox 865 3520 916 3582; x_wconf 77' lang='grc' dir='ltr'><strong><em>ἐπὶ</em></strong></span> <span class='ocrx_word' id='word_1_257' title='bbox 937 3521 992 3582; x_wconf 80' lang='grc' dir='ltr'><strong><em>τοῦ</em></strong></span> <span class='ocrx_word' id='word_1_258' title='bbox 1012 3521 1122 3599; x_wconf 86' lang='grc' dir='ltr'><strong><em>μέσον,</em></strong></span> <span class='ocrx_word' id='word_1_259' title='bbox 1151 3511 1227 3601; x_wconf 77' lang='grc' dir='ltr'><strong><em>ὅπερ</em></strong></span> <span class='ocrx_word' id='word_1_260' title='bbox 1255 3520 1287 3582; x_wconf 80' lang='grc' dir='ltr'><strong><em>ἐν</em></strong></span> <span class='ocrx_word' id='word_1_261' title='bbox 1307 3516 1344 3594; x_wconf 74' lang='grc' dir='ltr'><strong><em>τῷ</em></strong></span> 
     </span>
     <span class='ocr_line' id='line_1_31' title="bbox 184 3605 1344 3711; baseline -0.005 -17"><span class='ocrx_word' id='word_1_262' title='bbox 184 3605 239 3642; x_wconf 66' lang='lat'><strong>¹²¹⁸</strong></span> <span class='ocrx_word' id='word_1_263' title='bbox 260 3631 401 3711; x_wconf 84' lang='grc' dir='ltr'><strong><em>προϊέναι</em></strong></span> <span class='ocrx_word' id='word_1_264' title='bbox 423 3625 456 3692; x_wconf 92' lang='grc' dir='ltr'><strong><em>τὸ</em></strong></span> <span class='ocrx_word' id='word_1_265' title='bbox 480 3625 558 3692; x_wconf 83' lang='grc' dir='ltr'><strong><em>εἶναι</em></strong></span> <span class='ocrx_word' id='word_1_266' title='bbox 580 3631 656 3710; x_wconf 80' lang='grc' dir='ltr'><strong><em>ἔχει,</em></strong></span> <span class='ocrx_word' id='word_1_267' title='bbox 683 3625 750 3692; x_wconf 75' lang='grc' dir='ltr'><strong><em>ἀλλ’</em></strong></span> <span class='ocrx_word' id='word_1_268' title='bbox 774 3625 831 3691; x_wconf 77' lang='grc' dir='ltr'><strong><em>οὐκ</em></strong></span> <span class='ocrx_word' id='word_1_269' title='bbox 852 3629 883 3690; x_wconf 83' lang='grc' dir='ltr'><strong><em>ἐν</em></strong></span> <span class='ocrx_word' id='word_1_270' title='bbox 904 3633 946 3710; x_wconf 71' lang='grc' dir='ltr'><strong><em>τῷ</em></strong></span> <span class='ocrx_word' id='word_1_271' title='bbox 971 3623 1236 3710; x_wconf 73' lang='grc' dir='ltr'><strong><em>προεληλυθέναι,</em></strong></span> <span class='ocrx_word' id='word_1_272' title='bbox 1258 3622 1295 3689; x_wconf 90' lang='grc' dir='ltr'><strong><em>τό</em></strong></span> <span class='ocrx_word' id='word_1_273' title='bbox 1316 3621 1344 3684; x_wconf 76' lang='grc' dir='ltr'><strong><em>ὸὲ</em></strong></span> 
     </span>
     <span class='ocr_line' id='line_1_32' title="bbox 259 3732 1343 3821; baseline -0.007 -20"><span class='ocrx_word' id='word_1_274' title='bbox 259 3733 494 3821; x_wconf 74' lang='grc' dir='ltr'><strong><em>προεληλυθός·</em></strong></span> <span class='ocrx_word' id='word_1_275' title='bbox 510 3738 561 3799; x_wconf 83' lang='grc' dir='ltr'><strong><em>καὶ</em></strong></span> <span class='ocrx_word' id='word_1_276' title='bbox 582 3733 708 3800; x_wconf 85' lang='grc' dir='ltr'><strong><em>ὸιαστὸν</em></strong></span> <span class='ocrx_word' id='word_1_277' title='bbox 730 3735 790 3820; x_wconf 73' lang='grc' dir='ltr'><strong><em>ἤδη</em></strong></span> <span class='ocrx_word' id='word_1_278' title='bbox 813 3738 864 3798; x_wconf 80' lang='grc' dir='ltr'><strong><em>καὶ</em></strong></span> <span class='ocrx_word' id='word_1_279' title='bbox 886 3733 1046 3817; x_wconf 80' lang='grc' dir='ltr'><strong><em>ἀφειμένον</em></strong></span> <span class='ocrx_word' id='word_1_280' title='bbox 1067 3732 1130 3799; x_wconf 79' lang='grc' dir='ltr'><strong><em>σῖπὸ</em></strong></span> <span class='ocrx_word' id='word_1_281' title='bbox 1153 3739 1207 3800; x_wconf 82' lang='grc' dir='ltr'><strong><em>τοῖν</em></strong></span> <span class='ocrx_word' id='word_1_282' title='bbox 1228 3735 1343 3814; x_wconf 71' lang='grc' dir='ltr'><strong><em>πρώτου</em></strong></span> 
     </span>
    </p>

    <p class='ocr_par' dir='ltr' id='par_1_4' title="bbox 261 3838 1345 3928">
     <span class='ocr_line' id='line_1_33' title="bbox 261 3838 1345 3928; baseline -0.013 -19"><span class='ocrx_word' id='word_1_283' title='bbox 261 3842 300 3920; x_wconf 78' lang='grc' dir='ltr'><strong><em>ὡς</em></strong></span> <span class='ocrx_word' id='word_1_284' title='bbox 320 3852 435 3928; x_wconf 78' lang='grc' dir='ltr'><strong><em>τρίτονΙ</em></strong></span> <span class='ocrx_word' id='word_1_285' title='bbox 463 3843 525 3917; x_wconf 76' lang='grc' dir='ltr'><strong><em>πῶς</em></strong></span> <span class='ocrx_word' id='word_1_286' title='bbox 554 3840 591 3906; x_wconf 81' lang='grc' dir='ltr'><strong><em>ἰὸν</em></strong></span> <span class='ocrx_word' id='word_1_287' title='bbox 624 3846 666 3906; x_wconf 77' lang='grc' dir='ltr'><strong><em>ε”ιι</em></strong></span> <span class='ocrx_word' id='word_1_288' title='bbox 695 3842 814 3925; x_wconf 88' lang='grc' dir='ltr'><strong><em>λέγοιτο</em></strong></span> <span class='ocrx_word' id='word_1_289' title='bbox 844 3844 1000 3922; x_wconf 80' lang='grc' dir='ltr'><strong><em>μένεινέν</em></strong></span> <span class='ocrx_word' id='word_1_290' title='bbox 1021 3844 1143 3922; x_wconf 74' lang='grc' dir='ltr'><strong><em>ἐκείνῳ,</em></strong></span> <span class='ocrx_word' id='word_1_291' title='bbox 1175 3838 1345 3920; x_wconf 72' lang='grc' dir='ltr'><strong><em>α’ντϊηρασις</em></strong></span> 
     </span>
    </p>
   </div>
   <div class='ocr_carea' id='block_1_4' title="bbox 263 4048 1343 4258">
    <p class='ocr_par' dir='ltr' id='par_1_5' title="bbox 263 4048 1343 4258">
     <span class='ocr_line' id='line_1_34' title="bbox 332 4048 1307 4116; baseline -0.009 -15"><span class='ocrx_word' id='word_1_292' title='bbox 332 4053 361 4116; x_wconf 89' lang='lat'><strong><em>7)</em></strong></span> <span class='ocrx_word' id='word_1_293' title='bbox 381 4051 446 4100; x_wconf 83' lang='lat' dir='ltr'><strong><em>Mon</em></strong></span> <span class='ocrx_word' id='word_1_294' title='bbox 478 4048 601 4116; x_wconf 79' lang='grc' dir='ltr'><strong><em>ὁμοειδὲς.</em></strong></span> <span class='ocrx_word' id='word_1_295' title='bbox 1264 4075 1307 4106; x_wconf 63' lang='grc' dir='ltr'><strong><em>,μ</em></strong></span> 
     </span>
     <span class='ocr_line' id='line_1_35' title="bbox 329 4113 1343 4186; baseline -0.004 -16"><span class='ocrx_word' id='word_1_296' title='bbox 329 4117 358 4180; x_wconf 81' lang='grc'><strong><em>8)</em></strong></span> <span class='ocrx_word' id='word_1_297' title='bbox 378 4119 453 4172; x_wconf 86' lang='grc' dir='ltr'><strong><em>Μοσ.</em></strong></span> <span class='ocrx_word' id='word_1_298' title='bbox 475 4117 529 4170; x_wconf 71' lang='grc' dir='ltr'><strong><em>σὸιϊ</em></strong></span> <span class='ocrx_word' id='word_1_299' title='bbox 549 4117 650 4183; x_wconf 71' lang='grc' dir='ltr'><strong><em>ἀληθὲς</em></strong></span> <span class='ocrx_word' id='word_1_300' title='bbox 668 4119 715 4182; x_wconf 83' lang='grc' dir='ltr'><strong><em>ελη.</em></strong></span> <span class='ocrx_word' id='word_1_301' title='bbox 759 4118 823 4180; x_wconf 83' lang='lat' dir='ltr'><strong><em>Mox</em></strong></span> <span class='ocrx_word' id='word_1_302' title='bbox 847 4115 916 4168; x_wconf 82' lang='lat' dir='ltr'>idem</span> <span class='ocrx_word' id='word_1_303' title='bbox 935 4139 949 4184; x_wconf 86' lang='grc' dir='ltr'><strong><em>η</em></strong></span> <span class='ocrx_word' id='word_1_304' title='bbox 968 4120 1030 4186; x_wconf 86' lang='grc' dir='ltr'><strong><em>γοῖν</em></strong></span> <span class='ocrx_word' id='word_1_305' title='bbox 1048 4115 1063 4183; x_wconf 78' lang='grc' dir='ltr'><strong><em>ἣ</em></strong></span> <span class='ocrx_word' id='word_1_306' title='bbox 1083 4137 1147 4171; x_wconf 77' lang='grc' dir='ltr'><strong><em>τισιν.</em></strong></span> <span class='ocrx_word' id='word_1_307' title='bbox 1169 4113 1343 4177; x_wconf 69' lang='lat' dir='ltr'><strong><em>Hamb.⁷&#39;17³</em></strong></span> 
     </span>
     <span class='ocr_line' id='line_1_36' title="bbox 263 4187 748 4258; baseline -0.004 -16"><span class='ocrx_word' id='word_1_308' title='bbox 263 4188 315 4243; x_wconf 82' lang='grc' dir='ltr'><strong><em>οὖν.</em></strong></span> <span class='ocrx_word' id='word_1_309' title='bbox 345 4190 395 4242; x_wconf 72' lang='grc' dir='ltr'><strong><em>εἰσ.</em></strong></span> <span class='ocrx_word' id='word_1_310' title='bbox 429 4189 501 4242; x_wconf 78' lang='lat' dir='ltr'><strong>Idem</strong></span> <span class='ocrx_word' id='word_1_311' title='bbox 522 4195 548 4240; x_wconf 74' lang='grc' dir='ltr'><strong><em>ἐκ</em></strong></span> <span class='ocrx_word' id='word_1_312' title='bbox 566 4189 646 4258; x_wconf 79' lang='grc' dir='ltr'><strong><em>τριῶν</em></strong></span> <span class='ocrx_word' id='word_1_313' title='bbox 665 4187 748 4240; x_wconf 75' lang='grc' dir='ltr'><strong><em>οὐδὲν.</em></strong></span> 
     </span>
    </p>
   </div>
   <div class='ocr_carea' id='block_1_5' title="bbox 0 0 1404 4840">
    <p class='ocr_par' dir='ltr' id='par_1_6' title="bbox 0 0 1404 4840">
     <span class='ocr_line' id='line_1_37' title="bbox 0 0 1404 4840; baseline 0 0"><span class='ocrx_word' id='word_1_314' title='bbox 0 0 1404 4840; x_wconf 95' lang='lat' dir='ltr'><strong><em> </em></strong></span> 
     </span>
    </p>
   </div>
  </div>
 </body>
</html>
