2798 4834
417 230 422 258 λ

1085 253 1158 335 τις

64 439 80 503 5
107 436 221 523 νοητός
247 435 360 522 κόσμος
378 433 510 524 παρόγιι
532 435 649 514 πιόντας
667 436 743 520 ὁμοῦ
765 436 837 512 πυός
856 438 932 521 μεθ’
953 435 1079 515 ἑαυτόν,
1104 432 1159 510 ,τόν

61 542 207 629 νοερόν,
228 540 281 610 τόν
300 539 574 630 όπερνιόσμισα,
595 537 649 609 τόν
669 539 892 628 έγκόσμιον·
915 541 977 609 όδὲ
988 539 1090 629 νοερός
1101 539 1158 628 μό-

63 677 139 728 νους
161 649 234 728 τοός
254 647 326 730 δύο,
361 650 435 739 ὅδὲ
457 646 658 736 όπερκόσμισς
688 647 756 715 ἕνα·
770 649 863 731 μόνον
881 646 937 716 τόν
965 646 1160 736 αἰσθητόνῆ

64 759 185 846 ὁσαχῶς
205 757 244 826 όέν
264 787 309 838 τις
329 762 414 843 τέμοι
434 757 472 826 τό
489 755 634 844 προϊόντα
649 763 696 833 εἰς·
705 753 836 840 κόσμους
851 754 1003 833 πλείονας.
1038 757 1159 825 Οὐκοῦν

66 866 160 952 ὃμὲν
180 865 291 952 νοητὸς
312 865 509 945 όλικιότατος,
546 856 596 932 ότι
615 862 736 930 πόντων
756 863 985 950 περιληπτικός,
1015 863 1085 930 ὅδὲ
1106 872 1157 933 αἲ-

67 969 226 1059 σθηῐόςῆ
254 965 273 1040 5'
303 1000 336 1058 γε
357 973 546 1056 ὓπσσέληνος
571 969 789 1055 μερικοότατσς,
823 967 869 1036 ότι
891 975 1015 1058 ἔσχατος
1045 975 1097 1039 καὶ
1117 973 1155 1041 τό

62 1086 144 1168 μέρη
166 1083 279 1148 ἑαυτοῦ
298 1081 378 1166 μόνα
398 1084 555 1206 περιέγων·
574 1085 614 1146 οἱ
635 1080 668 1145 δι’
696 1083 784 1163 μέσοι
806 1079 955 1166 όνόλογον
982 1085 1156 1168 περιέχουσέ

61 1218 97 1266 τι
119 1193 171 1257 ιιαό
191 1193 388 1277 περιέχονται.
445 1181 532 1256 Οότοι
552 1187 585 1255 δὲ
606 1191 658 1255 ιιαι
677 1191 729 1256 έπι
747 1194 848 1272 σειρᾶς
868 1192 993 1275 ἑκάστης
1019 1189 1081 1256 ἴδοι
1107 1217 1155 1267 τις

62 1297 101 1365 ἰόν
117 1298 178 1365 τὸν
197 1301 437 1386 προτεταγμένον
459 1297 649 1383 όλιιιαότεροτ,
681 1293 734 1364 τόν
755 1297 825 1364 δὲ
810 1300 1051 1382 υαστιταγμένον
1069 1323 1153 1386 μερι-

62 1404 206 1490 κότερον.

141 1507 214 1581 Ἐτι
234 1513 308 1580 δέ”
289 1538 391 1598 ετερον
413 1512 544 1596 λέγοιμεν
564 1515 632 1598 περὶ
652 1540 715 1580 των
738 1512 852 1589 abram,
876 1511 916 1588 ὥς
944 1517 971 1578 τό
995 1513 1051 1598 μέν
1070 1515 1153 1580 τόποι

59 1651 105 1701 τις
116 1621 173 1691 τόν
191 1620 422 1707 δημιουργόν
434 1621 460 1704 ⁴)
484 1616 558 1688 όλσν
571 1617 681 1705 κόσμον
690 1618 750 1686 όιπό
764 1626 820 1686 τοῦ
834 1625 1030 1688 τιτανιιισῦ
1045 1622 1152 1706 προελ·

60 1744 148 1811 θεῖν,
182 1737 212 1796 οἱ
239 1733 297 1797 νῦν
324 1727 364 1815 δὴ
384 1734 531 1816 ῥηθέντες
552 1724 717 1814 ἱιρμόσσυσι
737 1727 825 1811 λόγοι
845 1729 914 1812 περὶ
935 1731 996 1792 τῶν
1015 1727 1149 1813 κόσμων·
1236 1771 1242 1784 ι

60 1845 89 1905 εἰ
102 1838 139 1904 δὲ
152 1833 214 1902 ἆπό
236 1835 388 1920 Κρόνου
409 1837 462 1902 τόν
482 1836 553 1902 Διό
572 1834 701 1921 παρόγοι
714 1862 775 1914 τις,
797 1837 881 1919 ἴσμεν
896 1828 941 1900 ότι
957 1833 1033 1918 μετὰ
1049 1834 1150 1904 όόλλων

59 1946 187 2014 πολλῶν
205 1945 221 2010 5
245 1943 318 2018 Ζεὺς
327 1939 393 2010 ἀπό
401 1941 523 2030 Κρόνου
541 1947 681 2071 γεννᾶται
700 1945 752 2010 καὶ
769 1941 854 2025 παρὰ
869 1955 933 2019 τοῖς
947 1938 1072 2029 Ἕλλησι
1097 1949 1149 2012 καὶ
1245 1929 1249 1934 Γ

58 2077 146 2137 παρα
161 2063 228 2126 τοῖς
239 2049 456 2183 βαρβάροις,
435 2078 475 2126 ως
490 2046 552 2116 σἰπό
563 2051 622 2116 τοῦ
636 2051 805 2136 οὐρανου
791 2046 914 2116 πόλιν
924 2075 1000 2134 ματα
990 2047 1145 2118 αλλων
1130 2077 1147 2118 ο

58 2157 228 2246 Κρόνος,
252 2186 303 2224 ιιιιι
315 2185 356 2224 αυ
341 2149 485 2224 πολιν
470 2185 531 2224 απσ
545 2184 599 2242 μιν
611 2183 667 2224 του
653 2156 764 2237 Δισς,
784 2157 985 2234 Διόνυσος.
1017 2157 1148 2225 Ειδὲε
1118 2185 1148 2227 οι
1167 2187 1229 2295 ρος.

59 2270 114 2354 μὲν
135 2264 215 2332 κατὰ
232 2270 306 2352 μέρη
329 2260 608 2348 διανειμάμενοι
572 2289 627 2331 τον
658 2257 733 2330 όλον
753 2268 868 2350 πατέρα
890 2271 1032 2345 ἕκαστον,
1063 2273 1094 2332 οό
1115 2240 1218 2334 55¹ab

58 2370 260 2462 μονοειδῶς
243 2399 286 2455 αφ
287 2365 387 2439 ’όλου
407 2368 629 2458 προελθόντες·
657 2367 706 2436 διό
722 2372 773 2436 καὶ
793 2365 987 2456 διόδογοι
953 2396 1038 2438 ουτοι
1057 2381 1150 2440 καθό-

58 2509 190 2550 στανται
202 2485 264 2570 ταῖν
284 2481 483 2564 πατρικῶν
502 2480 726 2567 βασιλειῶν,
747 2477 838 2544 οὐδὲν
849 2483 940 2546 τοῖπσ
951 2483 1149 2568 παραθραόει

58 2588 118 2677 τόν
133 2591 193 2654 τοῦ
213 2588 304 2673 λόγου
325 2585 487 2672 ἀλήθειαν.
524 2586 559 2652 Ὁ
580 2585 636 2673 γόρ
657 2583 754 2662 Ζεός
774 2587 845 2672 φέρε
866 2592 960 2654 εἰπεῖν
980 2585 1053 2666 τοὺς
1073 2592 1149 2657 πολ-

19 2752 21 2756 ,
58 2694 139 2772 λαός
159 2693 219 2778 ἀφ’.
235 2697 344 2760 ἑαυτοῦ
364 2690 548 2779 παραγαγὼν
567 2689 645 2757 νατόι
673 2696 746 2776 μέρη
768 2690 879 2772 θεοὺς,
909 2695 960 2759 ἐπέ
987 2691 1084 2781 τοότῳ
1106 2701 1149 2784 τῷ

59 2803 200 2871 όλοτελεῒ
218 2804 349 2885 μσρισμῷ
371 2797 426 2876 τόν
445 2797 617 2885 μοριστικόν
638 2796 768 2884 όλότητα
789 2802 976 2885 παρήγαγον,
1003 2806 1055 2868 καλ
1075 2803 1148 2883 τόὺς

56 2911 121 2980 ὑπό
140 2908 235 3003 ταότγ
255 2904 391 2985 πολλοὺς
409 2911 609 2994 τεταγμένους
628 2907 740 2990 θέσιός.Ι
767 2903 815 2974 Ἢ
828 2907 894 2994 ου’χό
914 2910 966 2974 καὶ
987 2907 1058 2987 τοὺς
1083 2919 1147 2978 Τέ-
1242 2905 1251 2960 ,¹

58 3043 184 3092 τανας
205 3017 221 3080 5
241 3012 351 3091 Ζεός’
336 3018 491 3142 σγέννηστν
511 3019 543 3080 έν
564 3017 607 3099 τῷ
628 3015 726 3096 οἰκείῳ
741 3010 893 3096 διακόσμῳ
910 3014 987 3080 κατὰ
1008 3011 1062 3101 τὴν
1073 3016 1147 3103 ’0·ρ

59 3148 182 3210 ρικην
204 3121 392 3207 παρόδοσιν;
415 3114 493 3187 σότω
512 3117 551 3207 δη
569 3123 619 3187 καλ
636 3121 652 3185 5
672 3115 856 3205 Κρόνος’
841 3147 893 3186 σπι
885 3122 1006 3222 πολλῇ
1019 3125 1146 3214 γενεᾷὅ)

59 3237 101 3329 τῇ
123 3228 292 3315 πρότερον,
303 3233 351 3296 ἐπ’
372 3226 485 3315 ἐσχάτῳ
507 3227 635 3314 παράγει
656 3225 708 3294 τόν
730 3218 800 3294 ’όλον
820 3227 917 3292 δια
881 3254 935 3314 της
947 3254 1049 3316 ιτερας
1063 3229 1152 3319 ὲξόρ-“

59 3365 154 3426 γοντα
173 3337 348 3424 βασιλείας·
370 3363 408 3401 τα
399 3329 498 3401 δέ“
483 3360 571 3420 σμσια
585 3361 635 3400 και
627 3331 748 3400 Ὶ’τόν
716 3331 841 3420 συρανόν
859 3333 1030 3418 ὑφιστῶντα
1047 3357 1146 3420 παρα-

59 3369 170 3512 όέδωσι
187 3444 262 3528 μετό
281 3443 354 3518 τοός
373 3438 485 3518 ι’όλλσυς
519 3440 751 3527 Οὐρανίδας,
782 3439 837 3508 τόν
862 3443 982 3528 Κρόνον
1010 3447 1145 3530 έσγατον,

59 3555 116 3620 ναὶ
147 3550 404 3619 όντιπλεονειιτεῑν
438 3545 491 3618 διό
518 3555 609 3616 τοῦτο
636 3545 718 3633 πρός
755 3548 906 3632 ἀλλήλους
939 3555 1046 3634 ῥητέον
1075 3550 1145 3630 τσός

56 3663 301 3750 παραγομένους,
321 3656 397 3734 τοός
415 3659 470 3746 μὲν
491 3657 578 3740 όντας
598 3662 629 3724 ἓν
649 3663 691 3744 τῷ
711 3660 806 3744 πατρὶ
826 3660 877 3724 καὶ
888 3656 972 3743 παρὰ
983 3659 1025 3745 τῷ
1041 3665 1144 3746 πατρὶ,

130 3895 162 3958 ς)
181 3891 257 3944 Mon.
277 3887 471 3960 δημιουργικὸν.
498 3887 613 3941 Inferius
628 3887 791 3974 παραγαγὼν
801 3886 855 3939 καὶ
872 3885 911 3938 τό
928 3891 993 3957 μέρη
1013 3887 1142 3950 θεοὺς...

58 3962 109 4030 τὴν
126 3959 317 4032 μεριστήνμ-
348 3959 376 4016 5)
396 3960 470 4011 Mon.
487 3961 573 4044 γέννᾳ.
596 3959 699 4011 Moxl.
720 3975 745 4008 v.
764 3957 810 4009 τόν
836 3953 897 4008 ὅλον
915 3958 969 4010 Δία
992 3960 1056 4043 (pro
1076 3959 1142 4025 διὰ).

62 4033 141 4086 Mon.
159 4033 332 4153 μερικιιτέρας
349 4026 462 4110 δέόμυς
486 4047 572 4090 οντας.
612 4025 668 4082 Ρτο
693 4031 719 4080 οἱ
737 4026 821 4112 λόγοι
829 4027 869 4079 uic
887 4024 967 4078 idem
991 4025 1048 4081 ὅλοι
1068 4039 1095 4083 et
1117 4028 1145 4082 in

59 4115 256 4172 τοιοαοοαιαοη
301 4097 405 4169 δ’γσι
384 4115 433 4155 ιιο.
459 4097 525 4152 Mox
542 4095 640 4151 Hmb.
658 4095 757 4151 ἀπὸ
727 4117 774 4166 της
791 4093 870 4166 οὔσης
886 4111 939 4168 pro
957 4097 1041 4166 λσης.
