2770 4840
256 318 325 402 ιον

256 490 333 564 ίόστε
355 501 407 563 καὶ
428 494 487 580 πρό
510 495 617 570 οὐσίας
638 495 721 560 εἶναι
748 497 800 560 καί
822 493 882 577 πρὸ
905 493 1058 571 ἑνός,τοὺ
1080 520 1112 578 γε
1133 489 1192 576 πρό
1213 494 1302 566 οὐσίας
1314 500 1334 566 ⁹)

264 602 337 681 ε’νός.
379 605 455 670 Ἐπί
482 606 572 670 πόαν
588 603 621 668 δὲ
654 606 774 678 τούτοις
795 603 947 687 ἡῦγνῶοις
968 596 1163 687 περιγράφειν
1184 599 1281 665 ἐθέλει
1298 604 1337 664 καὶ

264 709 503 798 περιλαμβάνειν
529 709 566 777 τό
595 708 744 795 γνωστόν,
773 708 855 785 εἶδος
884 707 920 774 δέ
948 713 1012 774 πᾶν
1033 705 1068 773 τό
1089 695 1335 796 περιγραφόμενον·

265 817 300 884 τό
321 816 354 884 δὲ
375 820 528 904 ἡνωμένον
549 817 769 904 ἆπερίγραφον,
789 813 944 901 όιγνωστον
965 813 1026 901 ι’ίρα
1047 813 1163 891 τελέως.

340 923 432 994 Ἀλλίι
457 927 519 1014 μὴν
540 928 593 992 καί
614 927 644 990 εί
662 951 707 1000 τις
726 925 884 992 ὑποθοῖτσ
906 917 943 990 τό
964 921 1122 1010 ἄγνωστον
1142 928 1250 1004 ε’νεῖνο,
1267 924 1338 1009 γαλι-

265 1034 324 1113 πός
346 1035 362 1099 ό
384 1033 490 1120 λόγος·
512 1032 575 1120 ἡδη
596 1034 652 1119 μὲν
674 1031 730 1120 γόρ
750 1060 816 1110 πως
835 1034 888 1099 καί
907 1033 996 1118 ἡμεῖς
1018 1030 1168 1116 δοκοῦμεν
1189 1029 1224 1099 τό
1244 1031 1339 1118 ἡνωμέ-

265 1170 319 1209 νον
342 1145 503 1222 ὑπονοεῖν,
533 1130 582 1207 ότν
606 1138 668 1229 πρό
697 1141 804 1216 οὐσίας
830 1143 897 1209 ἐστί
922 1143 975 1207 καί
1001 1143 1068 1218 ἑνός
1088 1146 1146 1208 τοῦ
1167 1141 1226 1227 πρό
1248 1142 1339 1227 οὐσίας,

266 1250 324 1338 πρό
347 1251 460 1338 ἇμφοῖν
483 1278 515 1338 γε
535 1248 570 1317 τό
593 1250 829 1337 συναμφότερον.
871 1257 912 1316 Εῖ
933 1250 966 1316 δὲ
986 1249 1078 1334 μήπω
1097 1255 1150 1318 καὶ
1171 1251 1270 1336 ἡμεῖς,
1288 1251 1340 1316 ἀλλ’

267 1353 284 1426 ό
304 1389 337 1448 γε
357 1364 449 1435 θεῖος
469 1363 543 1435 νοῦς
563 1355 685 1434 πάντως
706 1361 867 1427 ἐπίσταται
887 1357 922 1424 τό
941 1358 1095 1446 ἡνωμένον
1117 1353 1178 1426 ότι
1194 1360 1267 1426 ποτὲ
1282 1359 1340 1425 εἶναι

268 1470 413 1558 βούλεται
432 1467 512 1534 κατὰ
532 1475 603 1552 μίαν
625 1465 715 1549 φύσιν
737 1465 794 1551 τὴν
814 1463 874 1551 πρό
899 1465 1008 1543 οὐσίας
1028 1494 1060 1533 τε
1082 1469 1134 1534 καί
1155 1467 1232 1544 ἑνός.

343 1577 470 1647 Ἔπειτα
491 1580 596 1662 μέντοι
617 1578 657 1652 ὡς
678 1582 742 1641 ἔστι
766 1573 824 1661 πρό
849 1575 955 1651 οὐσίας
974 1602 1009 1642 τε
1028 1579 1080 1642 ναί
1101 1574 1168 1652 ἑνός
1193 1573 1229 1643 τό
1249 1577 1339 1662 ἡνωμέ

266 1713 332 1767 νον,
354 1684 435 1753 οὑτω
455 1690 508 1753 καί
528 1682 588 1769 πρό
612 1689 666 1769 της
689 1688 803 1759 ἑνιαίας
820 1679 955 1766 γννίσεως
975 1685 1028 1749 καί
1048 1685 1102 1768 τῆς
1124 1684 1292 1768 οὑσιαίδσος
1308 1688 1340 1766 εἴη

266 1793 303 1859 ι’ίν
323 1797 343 1879 ἡ
366 1795 470 1870 ἁπλῶς
491 1797 601 1880 γνῶσις
622 1797 758 1879 ῥηθεῖσιν
777 1789 827 1870 ἂν,
844 1786 904 1876 πρό
919 1791 1032 1874 ἀμφοῖν
1048 1781 1125 1858 οὑσα
1140 1795 1181 1872 ¹⁰)
1202 1797 1277 1861 κατά
1290 1805 1343 1880 μίαν

265 1898 357 1985 φύσιν
383 1899 438 1983 τὴν
462 1902 622 1987 ἡνωμένην.
656 1902 722 1964 Καί
743 1898 801 1985 γίίρ
824 1898 926 1984 ὑιττῖγς
947 1899 1041 1983 οὑσης
1062 1903 1118 1986 τὴς
1139 1904 1233 1986 ζωῆς,
1254 1903 1343 1970 οὑσιιίν

266 2010 342 2086 ὑοσς
371 2037 404 2075 τε
432 2013 485 2077 καί
512 2014 646 2088 ἑννοίας,
677 2011 723 2092 εἴη
751 2005 791 2074 ἂν
818 2011 870 2072 καί
895 2009 915 2091 ἡ
944 2004 1002 2094 πρό
1024 2007 1139 2109 ἀμφοῖν
1160 2011 1266 2088 ἁπλῶς
1285 2003 1344 2079 οὐσα

267 2117 345 2204 ζωὴ,
374 2109 515 2203 όίσπερὴ
545 2116 651 2191 ἁπλῶς
680 2115 858 2194 ὑπόστασις,
888 2114 979 2182 οὐδὲν
1000 2115 1033 2181 ὑί
1055 2115 1167 2184 κωλόει
1188 2123 1242 2189 καί
1261 2121 1345 2188 οὐσίαν

267 2231 358 2312 φόνοι
376 2233 442 2294 κατ’
463 2227 538 2294 ἄλλο
559 2224 595 2292 τό
618 2224 845 2310 συναμφότερον
865 2227 1097 2310 σημαινόμενον·
1121 2226 1264 2306 ἢὺπλῶς
1283 2233 1346 2296 ἐστίν

225 2382 247 2399 ε
269 2336 453 2415 ὑπόστασις,
485 2334 573 2400 οὐσία
604 2333 638 2400 δὲ
659 2335 770 2417 ὁμοίως
798 2334 817 2416 ἡ
847 2332 926 2399 κατὰ
947 2330 982 2400 τό
1007 2333 1100 2420 ίίκρον
1121 2344 1177 2404 τοῦ
1199 2341 1345 2424 ἡνωμένον,

269 2447 308 2522 ὡς
341 2475 343 2482 ·
404 2442 473 2509 1’τό
505 2447 650 2528 μέσονῖῖ)
680 2443 700 2528 ἡ
728 2443 866 2528 ἡνωμένη
896 2450 1004 2528 γνῶσις
1026 2450 1179 2530 ῥηθεῖσα·
1212 2455 1262 2516 καὶ
1283 2446 1345 2534 αὑιη

268 2558 347 2620 ἐστίν
368 2585 386 2635 η
410 2549 501 2639 ιοητὴ
522 2557 630 2638 γνῶσις
652 2551 693 2626 ὡς
714 2551 862 2636 ἀληθῶς,
885 2553 968 2638 ναίὴ
985 2551 1077 2642 νοηιὴ
1094 2553 1152 2642 ζωὴ
1176 2564 1229 2626 καί
1252 2559 1271 2647 ἡ
1291 2587 1348 2644 νοη-

267 2658 304 2744 τὴ
333 2660 436 2742 οὐσία,
465 2657 499 2726 τό
530 2655 640 2746 νοητόν
669 2663 779 2746 ἔχουσα
797 2657 897 2725 κοινόν
924 2659 1053 2747 ἑκάστη·
1079 2671 1175 2730 τοῦτο
1209 2668 1244 2734 δὲ
1271 2659 1304 2750 ἡν
1322 2662 1347 2731 τό

268 2768 416 2853 ἡωμένον·
445 2770 546 2834 πάντα
575 2769 640 2833 ἐστὶ
668 2763 725 2853 γόρ
754 2765 835 2832 ἄλλό
861 2772 993 2853 νοητοῖς,
1025 2772 1101 2854 φησὶ
1135 2767 1181 2862 τόΙ
1205 2771 1348 2860 λόγιοι,

184 2910 187 2915 ·
268 2879 359 2942 τοῦτο
387 2875 414 2942 δ’
434 2874 738 2960 Ιέστίνίλόιανφίιως
764 2903 797 2940 τε
826 2879 878 2941 καί
908 2877 1075 2959 ἡνωμένος.
1099 2877 1212 2947 Ἔστιν
1233 2882 1291 2968 ἄρα
1310 2884 1349 2950 καί

268 2989 375 3070 γνῶσις
395 2981 505 3068 νοητὴ,
527 2986 580 3050 καὶ
600 2977 680 3068 αὑτη
703 2983 817 3068 ἕστὶνὴ
834 2984 939 3058 ὑπλως
963 2990 1086 3067 γνῶσις·
1109 2985 1181 3054 οὐτε
1194 2991 1252 3078 γιίρ
1268 2997 1349 3058 ένιιιίν

269 3089 339 3156 οὐτε
369 3090 534 3176 οὐσιοίδης,
567 3087 647 3157 ἀλλὰ
667 3088 727 3174 πρό
756 3089 883 3174 ιἰμφοῖν,
911 3089 1027 3156 ταύτόν
1048 3091 1083 3157 δὲ
1103 3100 1201 3164 εἰπεῖν
1222 3097 1285 3187 πρό
1302 3127 1349 3165 πα-

269 3205 338 3266 σῶν.
383 3206 513 3287 Προῖτος
543 3195 600 3285 γόρ
621 3200 805 3275 ὑεοῦένός
826 3202 953 3284 καὶτῆς
979 3202 1083 3279 οὐσίας
1106 3203 1283 3292 δωρισμείς·
1312 3205 1350 3272 διό

269 3309 320 3374 καί
343 3307 404 3393 ζωὴ
426 3307 529 3384 ἁπλοῖς
550 3312 647 3393 ἐκείνη
667 3309 721 3372 καί
742 3306 831 3373 οὐσία
855 3308 962 3390 ὅμοίως
984 3308 1063 3376 κατιί
1083 3310 1186 3380 κοινόν
1207 3321 1264 3402 τῆς
1284 3321 1351 3384 ἑνια-

269 3422 317 3489 ίας
339 3417 390 3480 ναὶ
412 3418 467 3500 τῆς
487 3413 667 3505 οὑσιαίόονς.

345 3516 442 3609 ,Αὐιη
475 3525 517 3599 ¹²)
548 3521 582 3588 δὲ
622 3513 679 3588 οὑν
704 3522 723 3608 ἡ
753 3528 859 3607 γνῶσις
894 3525 913 3610 ἡ
949 3523 1042 3614 νοητὴ
1075 3531 1130 3594 τοῦ
1166 3530 1274 3608 ἁπλοῖς
1301 3535 1354 3596 ἐστι

339 3659 370 3725 9)
390 3656 464 3709 Mon.
484 3656 550 3727 πρὸς
568 3655 665 3716 οὐσίας.
686 3656 715 3706 ln
736 3655 835 3710 Hamb.
856 3657 890 3708 ad
910 3675 993 3731 marg.
1015 3663 1100 3720 rubro
1120 3663 1205 3735 pigm.
1224 3665 1353 3737 προϊούσης

269 3724 327 3777 nine
346 3723 402 3777 ulla
420 3739 498 3790 αοιο,
524 3741 578 3794 quo
599 3726 740 3797 pertineat.
765 3727 832 3778 Mox
851 3728 925 3781 Mon.
945 3728 1076 3784 ὑποθεῖτό
1097 3731 1154 3802 ὑγν.

325 3796 369 3858 ιο)
390 3797 464 3849 Mon.
485 3792 572 3846 οὖσαν.

326 3868 372 3928 ιι)
390 3865 466 3918 Mon.
485 3865 535 3916 fol.
555 3862 598 3917 80.
617 3863 651 3916 A.
670 3862 732 3916 finit
747 3863 888 3938 paginam:
920 3867 954 3928 ὥς
971 3869 1037 3921 κατὰ
1054 3868 1086 3922 τὸ
1103 3878 1183 3940 μέσον
1202 3874 1220 3941 ἡ
1242 3889 1269 3928 ει
1287 3887 1354 3924 vem

270 3933 368 4016 pagina
396 3932 502 4015 pergit:
527 3933 644 4004 ἡνωμένη
663 3934 756 4002 γνῶσις
773 3937 905 4006 ῥηθεῖοα·
935 3939 978 3990 καί
999 3938 1065 4006 αὐτη
1090 3936 1158 3994 ἔστιν
1175 3944 1191 4010 ἡ
1208 3965 1232 3996 ν.
1252 3965 1291 4013 γν.
1325 3941 1353 3990 Et

269 4022 296 4054 ιο
322 4003 453 4056 ἰοῖεοιονο
477 4021 574 4075 pagma
592 4006 624 4056 A.
646 4016 733 4056 notat:
765 4011 791 4058 έν
808 4007 884 4080 ἑτέρην
902 4011 971 4062 ἐστιν
989 4007 1088 4070 οὑτως·
1116 4012 1167 4078 ζωὴ
1184 4016 1229 4066 καὶ
1249 4008 1353 4066 κατὰτὸ

269 4077 360 4142 τρίτον
382 4072 498 4142 ἡνωμένη
523 4077 623 4143 γνῶσις.
662 4073 699 4125 Ut
717 4091 779 4128 νενο
797 4073 825 4130 h.
846 4077 862 4129 1,
884 4077 966 4131 lectio
985 4079 1033 4130 εὶῑε
1066 4079 1099 4141 ὡς
1117 4083 1181 4134 κατὰ
1199 4085 1234 4134 τὸ
1251 4077 1353 4153 με’σονὴ

269 4142 385 4210 ἡνωμένη
407 4143 458 4209 ζωὴ
477 4145 520 4194 καῖ
537 4141 602 4194 κατὰ
619 4142 651 4194 τὸ
669 4161 711 4212 τρ.
728 4143 744 4208 ἡ
762 4143 801 4210 ἡν.
821 4148 914 4214 γνῶσις
933 4149 999 4218 ἡηθ.
1035 4162 1038 4168 “

327 4219 368 4277 ιο)
390 4213 465 4266 Mon.
484 4212 516 4278 δὴ
533 4250 554 4265 ..
567 4211 602 4279 ,ἡ
622 4215 712 4278 νοητοὶ
733 4214 811 4280 μία).
