<?xml version="1.0" encoding="UTF-8"?>
<!DOCTYPE html PUBLIC "-//W3C//DTD XHTML 1.0 Transitional//EN"
    "http://www.w3.org/TR/xhtml1/DTD/xhtml1-transitional.dtd">
<html xmlns="http://www.w3.org/1999/xhtml" xml:lang="en" lang="en">
 <head>
  <title>
</title>
<meta http-equiv="Content-Type" content="text/html;charset=utf-8" />
  <meta name='ocr-system' content='tesseract 3.04.00' />
  <meta name='ocr-capabilities' content='ocr_page ocr_carea ocr_par ocr_line ocrx_word'/>
</head>
<body>
  <div class='ocr_page' id='page_1' title='image "./gdamaskoudiadho00damagoog_0248.png"; bbox 0 0 2770 4840; ppageno 0'>
   <div class='ocr_carea' id='block_1_1' title="bbox 276 275 345 364">
    <p class='ocr_par' dir='ltr' id='par_1_1' title="bbox 276 275 345 364">
     <span class='ocr_line' id='line_1_1' title="bbox 276 275 345 364; baseline 0.014 -28"><span class='ocrx_word' id='word_1_1' title='bbox 276 275 345 364; x_wconf 75' lang='grc' dir='ltr'><strong><em>τευ</em></strong></span> 
     </span>
    </p>
   </div>
   <div class='ocr_carea' id='block_1_2' title="bbox 190 441 1345 2458">
    <p class='ocr_par' dir='ltr' id='par_1_2' title="bbox 277 441 1334 536">
     <span class='ocr_line' id='line_1_2' title="bbox 277 441 1334 536; baseline -0.008 -20"><span class='ocrx_word' id='word_1_2' title='bbox 277 445 410 536; x_wconf 89' lang='grc' dir='ltr'><strong><em>γνωστόν</em></strong></span> <span class='ocrx_word' id='word_1_3' title='bbox 436 448 500 516; x_wconf 76' lang='grc' dir='ltr'><strong><em>οἷον</em></strong></span> <span class='ocrx_word' id='word_1_4' title='bbox 519 449 554 514; x_wconf 89' lang='grc' dir='ltr'><strong><em>τό</em></strong></span> <span class='ocrx_word' id='word_1_5' title='bbox 580 447 676 530; x_wconf 84' lang='grc' dir='ltr'><strong><em>φανὸν</em></strong></span> <span class='ocrx_word' id='word_1_6' title='bbox 699 449 741 524; x_wconf 81' lang='lat'><strong><em>¹⁵)</em></strong></span> <span class='ocrx_word' id='word_1_7' title='bbox 763 451 817 530; x_wconf 80' lang='grc' dir='ltr'><strong><em>τῆς</em></strong></span> <span class='ocrx_word' id='word_1_8' title='bbox 842 449 1053 532; x_wconf 71' lang='grc' dir='ltr'><strong><em>ὀποστώσεωςγ</em></strong></span> <span class='ocrx_word' id='word_1_9' title='bbox 1073 449 1126 514; x_wconf 75' lang='grc' dir='ltr'>καί</span> <span class='ocrx_word' id='word_1_10' title='bbox 1146 442 1200 530; x_wconf 76' lang='grc' dir='ltr'><strong><em>γὰρ</em></strong></span> <span class='ocrx_word' id='word_1_11' title='bbox 1219 441 1284 510; x_wconf 84' lang='grc' dir='ltr'><strong><em>ὀλλο</em></strong></span> <span class='ocrx_word' id='word_1_12' title='bbox 1300 447 1334 526; x_wconf 77' lang='grc' dir='ltr'><strong><em>τῷ</em></strong></span> 
     </span>
    </p>

    <p class='ocr_par' dir='ltr' id='par_1_3' title="bbox 275 550 1333 642">
     <span class='ocr_line' id='line_1_3' title="bbox 275 550 1333 642; baseline -0.009 -18"><span class='ocrx_word' id='word_1_13' title='bbox 275 553 372 642; x_wconf 83' lang='grc' dir='ltr'><strong><em>ένόληι</em></strong></span> <span class='ocrx_word' id='word_1_14' title='bbox 393 554 467 622; x_wconf 85' lang='grc' dir='ltr'><strong><em>εἴόει</em></strong></span> <span class='ocrx_word' id='word_1_15' title='bbox 487 558 559 640; x_wconf 81' lang='grc' dir='ltr'><strong><em>φέρε</em></strong></span> <span class='ocrx_word' id='word_1_16' title='bbox 578 561 675 622; x_wconf 78' lang='grc' dir='ltr'><strong><em>εἰπεῖν</em></strong></span> <span class='ocrx_word' id='word_1_17' title='bbox 694 554 715 640; x_wconf 77' lang='grc' dir='ltr'><em>ἧ</em></span> <span class='ocrx_word' id='word_1_18' title='bbox 737 554 921 634; x_wconf 76' lang='grc' dir='ltr'><strong><em>ὑπόστασις,</em></strong></span> <span class='ocrx_word' id='word_1_19' title='bbox 941 550 1018 618; x_wconf 74' lang='grc' dir='ltr'><strong><em>ἄλλο</em></strong></span> <span class='ocrx_word' id='word_1_20' title='bbox 1039 557 1083 637; x_wconf 82' lang='grc' dir='ltr'><strong><em>τῷ</em></strong></span> <span class='ocrx_word' id='word_1_21' title='bbox 1107 557 1242 637; x_wconf 74' lang='grc' dir='ltr'><strong><em>αἰσθητῷ</em></strong></span> <span class='ocrx_word' id='word_1_22' title='bbox 1261 551 1333 616; x_wconf 81' lang='grc' dir='ltr'><strong><em>εἶναι·</em></strong></span> 
     </span>
    </p>

    <p class='ocr_par' dir='ltr' id='par_1_4' title="bbox 276 655 1336 745">
     <span class='ocr_line' id='line_1_4' title="bbox 276 655 1336 745; baseline -0.006 -17"><span class='ocrx_word' id='word_1_23' title='bbox 276 670 330 729; x_wconf 79' lang='grc' dir='ltr'><strong><em>καί</em></strong></span> <span class='ocrx_word' id='word_1_24' title='bbox 350 667 433 729; x_wconf 80' lang='grc' dir='ltr'><strong><em>ἐστιν</em></strong></span> <span class='ocrx_word' id='word_1_25' title='bbox 453 662 551 728; x_wconf 78' lang='grc' dir='ltr'><strong><em>αιίτοιῖ</em></strong></span> <span class='ocrx_word' id='word_1_26' title='bbox 569 656 604 726; x_wconf 82' lang='grc' dir='ltr'><strong><em>τό</em></strong></span> <span class='ocrx_word' id='word_1_27' title='bbox 625 657 781 744; x_wconf 75' lang='grc' dir='ltr'><strong><em>αἰσθητόν</em></strong></span> <span class='ocrx_word' id='word_1_28' title='bbox 801 657 835 726; x_wconf 87' lang='grc' dir='ltr'><strong><em>τό</em></strong></span> <span class='ocrx_word' id='word_1_29' title='bbox 857 666 1030 742; x_wconf 83' lang='grc' dir='ltr'><strong><em>προπέπτον</em></strong></span> <span class='ocrx_word' id='word_1_30' title='bbox 1043 660 1143 728; x_wconf 72' lang='grc' dir='ltr'><strong><em>αώτοῖι</em></strong></span> <span class='ocrx_word' id='word_1_31' title='bbox 1160 655 1336 745; x_wconf 79' lang='grc' dir='ltr'><strong><em>καλπρολόμ-</em></strong></span> 
     </span>
    </p>

    <p class='ocr_par' dir='ltr' id='par_1_5' title="bbox 275 759 1335 862">
     <span class='ocr_line' id='line_1_5' title="bbox 275 759 1335 862; baseline -0.009 -26"><span class='ocrx_word' id='word_1_32' title='bbox 275 791 335 836; x_wconf 87' lang='grc' dir='ltr'><strong><em>πον</em></strong></span> <span class='ocrx_word' id='word_1_33' title='bbox 348 768 444 834; x_wconf 80' lang='grc' dir='ltr'><strong><em>αότοώ</em></strong></span> <span class='ocrx_word' id='word_1_34' title='bbox 465 774 520 844; x_wconf 80' lang='grc' dir='ltr'><strong><em>ἕως</em></strong></span> <span class='ocrx_word' id='word_1_35' title='bbox 538 763 718 853; x_wconf 76' lang='grc' dir='ltr'><strong><em>αἰσθήσεως,</em></strong></span> <span class='ocrx_word' id='word_1_36' title='bbox 740 769 791 832; x_wconf 78' lang='grc' dir='ltr'><strong><em>καὶ</em></strong></span> <span class='ocrx_word' id='word_1_37' title='bbox 811 765 909 862; x_wconf 84' lang='grc' dir='ltr'><strong><em>ταότη</em></strong></span> <span class='ocrx_word' id='word_1_38' title='bbox 930 770 1099 852; x_wconf 82' lang='grc' dir='ltr'><strong><em>σύμμετρον</em></strong></span> <span class='ocrx_word' id='word_1_39' title='bbox 1114 768 1170 846; x_wconf 81' lang='lat'><strong>¹⁶),</strong></span> <span class='ocrx_word' id='word_1_40' title='bbox 1185 793 1245 841; x_wconf 87' lang='grc' dir='ltr'><strong><em>πως</em></strong></span> <span class='ocrx_word' id='word_1_41' title='bbox 1256 759 1335 848; x_wconf 71' lang='grc' dir='ltr'><strong><em>αὐτὴν</em></strong></span> 
     </span>
    </p>

    <p class='ocr_par' dir='ltr' id='par_1_6' title="bbox 277 867 1337 962">
     <span class='ocr_line' id='line_1_6' title="bbox 277 867 1337 962; baseline -0.007 -22"><span class='ocrx_word' id='word_1_42' title='bbox 277 879 463 962; x_wconf 70' lang='grc' dir='ltr'><strong><em>γιγνομένην.</em></strong></span> <span class='ocrx_word' id='word_1_43' title='bbox 508 867 594 940; x_wconf 73' lang='grc' dir='ltr'><strong><em>Οότω</em></strong></span> <span class='ocrx_word' id='word_1_44' title='bbox 616 872 650 938; x_wconf 81' lang='grc' dir='ltr'><strong><em>δὲ</em></strong></span> <span class='ocrx_word' id='word_1_45' title='bbox 670 876 721 938; x_wconf 82' lang='grc' dir='ltr'><strong><em>καὶ</em></strong></span> <span class='ocrx_word' id='word_1_46' title='bbox 741 871 777 938; x_wconf 85' lang='grc' dir='ltr'><strong><em>τό</em></strong></span> <span class='ocrx_word' id='word_1_47' title='bbox 798 873 895 956; x_wconf 85' lang='grc' dir='ltr'><strong><em>φανόν</em></strong></span> <span class='ocrx_word' id='word_1_48' title='bbox 916 878 971 939; x_wconf 84' lang='grc' dir='ltr'><strong><em>τοῦ</em></strong></span> <span class='ocrx_word' id='word_1_49' title='bbox 996 871 1081 949; x_wconf 68' lang='grc' dir='ltr'><strong><em>ὄντος</em></strong></span> <span class='ocrx_word' id='word_1_50' title='bbox 1103 874 1242 957; x_wconf 83' lang='grc' dir='ltr'><strong><em>οῖονφώς</em></strong></span> <span class='ocrx_word' id='word_1_51' title='bbox 1257 871 1337 936; x_wconf 76' lang='grc' dir='ltr'><strong><em>αὐτοῦ</em></strong></span> 
     </span>
    </p>

    <p class='ocr_par' dir='ltr' id='par_1_7' title="bbox 276 967 1338 1076">
     <span class='ocr_line' id='line_1_7' title="bbox 276 967 1338 1076; baseline -0.004 -28"><span class='ocrx_word' id='word_1_52' title='bbox 276 985 495 1069; x_wconf 82' lang='grc' dir='ltr'><strong><em>προπομπεῦον</em></strong></span> <span class='ocrx_word' id='word_1_53' title='bbox 516 987 571 1056; x_wconf 81' lang='grc' dir='ltr'><strong><em>ἕως</em></strong></span> <span class='ocrx_word' id='word_1_54' title='bbox 589 967 835 1076; x_wconf 78' lang='grc' dir='ltr'><strong><em>τοῖιγνωστικοῦ</em></strong></span> <span class='ocrx_word' id='word_1_55' title='bbox 856 983 908 1047; x_wconf 85' lang='grc' dir='ltr'><strong><em>καὶ</em></strong></span> <span class='ocrx_word' id='word_1_56' title='bbox 926 984 1130 1068; x_wconf 77' lang='grc' dir='ltr'><em>προαπαντῶν</em></span> <span class='ocrx_word' id='word_1_57' title='bbox 1149 980 1234 1066; x_wconf 77' lang='grc' dir='ltr'><strong><em>αὐτῷ</em></strong></span> <span class='ocrx_word' id='word_1_58' title='bbox 1254 981 1338 1064; x_wconf 77' lang='grc' dir='ltr'><strong><em>ἱεμένῳ</em></strong></span> 
     </span>
    </p>

    <p class='ocr_par' dir='ltr' id='par_1_8' title="bbox 277 1084 1339 1182">
     <span class='ocr_line' id='line_1_8' title="bbox 277 1084 1339 1182; baseline -0.007 -28"><span class='ocrx_word' id='word_1_59' title='bbox 277 1084 332 1174; x_wconf 69' lang='grc' dir='ltr'><strong><em>τη“ν</em></strong></span> <span class='ocrx_word' id='word_1_60' title='bbox 353 1085 415 1154; x_wconf 80' lang='grc' dir='ltr'><strong><em>ώνω</em></strong></span> <span class='ocrx_word' id='word_1_61' title='bbox 436 1084 514 1182; x_wconf 88' lang='grc' dir='ltr'><strong><em>πρός</em></strong></span> <span class='ocrx_word' id='word_1_62' title='bbox 540 1085 638 1154; x_wconf 82' lang='grc' dir='ltr'><strong><em>αότό·</em></strong></span> <span class='ocrx_word' id='word_1_63' title='bbox 664 1089 843 1178; x_wconf 79' lang='grc' dir='ltr'><strong><em>συμμέτρως</em></strong></span> <span class='ocrx_word' id='word_1_64' title='bbox 866 1087 950 1173; x_wconf 78' lang='grc' dir='ltr'><strong><em>αότῷ</em></strong></span> <span class='ocrx_word' id='word_1_65' title='bbox 978 1085 1149 1174; x_wconf 76' lang='grc' dir='ltr'><strong><em>συμσόεται</em></strong></span> <span class='ocrx_word' id='word_1_66' title='bbox 1175 1090 1226 1153; x_wconf 78' lang='grc' dir='ltr'><strong><em>καλ</em></strong></span> <span class='ocrx_word' id='word_1_67' title='bbox 1249 1086 1339 1152; x_wconf 82' lang='grc' dir='ltr'><strong><em>τελειοῖ</em></strong></span> 
     </span>
    </p>

    <p class='ocr_par' dir='ltr' id='par_1_9' title="bbox 276 1186 1340 1287">
     <span class='ocr_line' id='line_1_9' title="bbox 276 1186 1340 1287; baseline -0.007 -27"><span class='ocrx_word' id='word_1_68' title='bbox 276 1195 329 1260; x_wconf 85' lang='grc' dir='ltr'><strong><em>καὶ</em></strong></span> <span class='ocrx_word' id='word_1_69' title='bbox 349 1196 518 1279; x_wconf 87' lang='grc' dir='ltr'><strong><em>κορέννυσιν</em></strong></span> <span class='ocrx_word' id='word_1_70' title='bbox 538 1189 637 1256; x_wconf 81' lang='grc' dir='ltr'><strong><em>αότοώ</em></strong></span> <span class='ocrx_word' id='word_1_71' title='bbox 656 1186 714 1274; x_wconf 73' lang='grc' dir='ltr'><strong><em>τὴν</em></strong></span> <span class='ocrx_word' id='word_1_72' title='bbox 740 1190 835 1274; x_wconf 72' lang='grc' dir='ltr'><strong><em>ὄρεξιν</em></strong></span> <span class='ocrx_word' id='word_1_73' title='bbox 860 1195 916 1257; x_wconf 78' lang='grc' dir='ltr'><strong><em>τοῦ</em></strong></span> <span class='ocrx_word' id='word_1_74' title='bbox 942 1191 1027 1268; x_wconf 81' lang='grc' dir='ltr'><strong><em>ὀντες</em></strong></span> <span class='ocrx_word' id='word_1_75' title='bbox 1055 1198 1092 1287; x_wconf 68' lang='grc' dir='ltr'><strong><em>τῇ</em></strong></span> <span class='ocrx_word' id='word_1_76' title='bbox 1123 1193 1274 1277; x_wconf 75' lang='grc' dir='ltr'><strong><em>πληρώσει</em></strong></span> <span class='ocrx_word' id='word_1_77' title='bbox 1297 1193 1340 1254; x_wconf 78' lang='grc' dir='ltr'><strong><em>τοῦ</em></strong></span> 
     </span>
    </p>

    <p class='ocr_par' dir='ltr' id='par_1_10' title="bbox 278 1288 1340 1384">
     <span class='ocr_line' id='line_1_10' title="bbox 278 1288 1340 1384; baseline -0.004 -20"><span class='ocrx_word' id='word_1_78' title='bbox 278 1304 392 1366; x_wconf 78' lang='grc' dir='ltr'><strong><em>οἰκείου</em></strong></span> <span class='ocrx_word' id='word_1_79' title='bbox 415 1288 529 1382; x_wconf 89' lang='grc' dir='ltr'><strong><em>φωτός·</em></strong></span> <span class='ocrx_word' id='word_1_80' title='bbox 551 1296 604 1364; x_wconf 88' lang='grc' dir='ltr'><strong><em>οόκ</em></strong></span> <span class='ocrx_word' id='word_1_81' title='bbox 618 1294 678 1383; x_wconf 86' lang='grc' dir='ltr'><strong><em>ὀίρα</em></strong></span> <span class='ocrx_word' id='word_1_82' title='bbox 698 1295 733 1362; x_wconf 85' lang='grc' dir='ltr'><strong><em>τό</em></strong></span> <span class='ocrx_word' id='word_1_83' title='bbox 757 1294 789 1364; x_wconf 81' lang='grc' dir='ltr'><strong><em>ὀν</em></strong></span> <span class='ocrx_word' id='word_1_84' title='bbox 809 1297 1002 1384; x_wconf 80' lang='grc' dir='ltr'><strong><em>γιγνώσκενό</em></strong></span> <span class='ocrx_word' id='word_1_85' title='bbox 1023 1303 1110 1378; x_wconf 81' lang='grc' dir='ltr'><strong><em>νοώς,</em></strong></span> <span class='ocrx_word' id='word_1_86' title='bbox 1123 1297 1204 1365; x_wconf 73' lang='grc' dir='ltr'><strong><em>ἀλλὰ</em></strong></span> <span class='ocrx_word' id='word_1_87' title='bbox 1218 1295 1252 1363; x_wconf 85' lang='grc' dir='ltr'><strong><em>τό</em></strong></span> <span class='ocrx_word' id='word_1_88' title='bbox 1264 1294 1340 1380; x_wconf 82' lang='grc' dir='ltr'><strong><em>φαιὸν</em></strong></span> 
     </span>
    </p>

    <p class='ocr_par' dir='ltr' id='par_1_11' title="bbox 278 1391 1339 1490">
     <span class='ocr_line' id='line_1_11' title="bbox 278 1391 1339 1490; baseline -0.003 -20"><span class='ocrx_word' id='word_1_89' title='bbox 278 1409 336 1473; x_wconf 83' lang='grc' dir='ltr'><strong><em>τοῦ</em></strong></span> <span class='ocrx_word' id='word_1_90' title='bbox 356 1402 461 1485; x_wconf 85' lang='grc' dir='ltr'><strong><em>ὀντες,</em></strong></span> <span class='ocrx_word' id='word_1_91' title='bbox 484 1400 505 1490; x_wconf 77' lang='grc' dir='ltr'><em>ἢ</em></span> <span class='ocrx_word' id='word_1_92' title='bbox 526 1403 561 1470; x_wconf 89' lang='grc' dir='ltr'><strong><em>τό</em></strong></span> <span class='ocrx_word' id='word_1_93' title='bbox 582 1401 616 1470; x_wconf 85' lang='grc' dir='ltr'><strong><em>ὀν</em></strong></span> <span class='ocrx_word' id='word_1_94' title='bbox 637 1402 714 1468; x_wconf 86' lang='grc' dir='ltr'><strong><em>κατώ</em></strong></span> <span class='ocrx_word' id='word_1_95' title='bbox 735 1403 769 1473; x_wconf 89' lang='grc' dir='ltr'><strong><em>τό</em></strong></span> <span class='ocrx_word' id='word_1_96' title='bbox 792 1405 905 1489; x_wconf 83' lang='grc' dir='ltr'><strong><em>φανόν,</em></strong></span> <span class='ocrx_word' id='word_1_97' title='bbox 934 1408 986 1472; x_wconf 76' lang='grc' dir='ltr'><strong><em>καὶ</em></strong></span> <span class='ocrx_word' id='word_1_98' title='bbox 1011 1403 1046 1471; x_wconf 86' lang='grc' dir='ltr'><strong><em>τό</em></strong></span> <span class='ocrx_word' id='word_1_99' title='bbox 1068 1391 1105 1472; x_wconf 84' lang='grc' dir='ltr'><strong><em>ὀν</em></strong></span> <span class='ocrx_word' id='word_1_100' title='bbox 1125 1404 1203 1472; x_wconf 83' lang='grc' dir='ltr'><strong><em>κατώ</em></strong></span> <span class='ocrx_word' id='word_1_101' title='bbox 1225 1401 1259 1470; x_wconf 87' lang='grc' dir='ltr'><strong><em>τό</em></strong></span> <span class='ocrx_word' id='word_1_102' title='bbox 1281 1429 1339 1487; x_wconf 86' lang='grc' dir='ltr'><strong><em>για·</em></strong></span> 
     </span>
    </p>

    <p class='ocr_par' dir='ltr' id='par_1_12' title="bbox 279 1505 1340 1599">
     <span class='ocr_line' id='line_1_12' title="bbox 279 1505 1340 1599; baseline -0.006 -19"><span class='ocrx_word' id='word_1_103' title='bbox 279 1509 368 1581; x_wconf 85' lang='grc' dir='ltr'><strong><em>στόν·</em></strong></span> <span class='ocrx_word' id='word_1_104' title='bbox 389 1514 441 1578; x_wconf 75' lang='grc' dir='ltr'><strong><em>καὶ</em></strong></span> <span class='ocrx_word' id='word_1_105' title='bbox 461 1508 517 1598; x_wconf 82' lang='grc' dir='ltr'><strong><em>γόρ</em></strong></span> <span class='ocrx_word' id='word_1_106' title='bbox 538 1518 566 1578; x_wconf 77' lang='grc' dir='ltr'><strong><em>εἰ</em></strong></span> <span class='ocrx_word' id='word_1_107' title='bbox 584 1506 621 1578; x_wconf 85' lang='grc' dir='ltr'><strong><em>τό</em></strong></span> <span class='ocrx_word' id='word_1_108' title='bbox 642 1508 678 1578; x_wconf 85' lang='grc' dir='ltr'><strong><em>ὀν</em></strong></span> <span class='ocrx_word' id='word_1_109' title='bbox 699 1510 870 1598; x_wconf 75' lang='grc' dir='ltr'><strong><em>γιγνώσκοι,</em></strong></span> <span class='ocrx_word' id='word_1_110' title='bbox 891 1505 986 1595; x_wconf 83' lang='grc' dir='ltr'><strong><em>ώςπερ</em></strong></span> <span class='ocrx_word' id='word_1_111' title='bbox 999 1515 1187 1599; x_wconf 71' lang='grc' dir='ltr'><strong><em>γιγνώσκειν,</em></strong></span> <span class='ocrx_word' id='word_1_112' title='bbox 1209 1507 1340 1578; x_wconf 81' lang='grc' dir='ltr'><strong><em>ὀλλόπόν</em></strong></span> 
     </span>
    </p>

    <p class='ocr_par' dir='ltr' id='par_1_13' title="bbox 279 1612 1340 1707">
     <span class='ocr_line' id='line_1_13' title="bbox 279 1612 1340 1707; baseline -0.006 -20"><span class='ocrx_word' id='word_1_113' title='bbox 279 1617 522 1707; x_wconf 84' lang='grc' dir='ltr'><strong><em>γιγνωσκόμενον,</em></strong></span> <span class='ocrx_word' id='word_1_114' title='bbox 534 1615 657 1694; x_wconf 88' lang='grc' dir='ltr'><strong><em>πόντως</em></strong></span> <span class='ocrx_word' id='word_1_115' title='bbox 677 1614 714 1684; x_wconf 85' lang='grc' dir='ltr'><strong><em>ὀιν</em></strong></span> <span class='ocrx_word' id='word_1_116' title='bbox 733 1620 781 1706; x_wconf 75' lang='grc' dir='ltr'><strong><em>εόη</em></strong></span> <span class='ocrx_word' id='word_1_117' title='bbox 802 1617 950 1704; x_wconf 85' lang='grc' dir='ltr'><strong><em>γνωστόν·</em></strong></span> <span class='ocrx_word' id='word_1_118' title='bbox 962 1612 1062 1686; x_wconf 76' lang='grc' dir='ltr'><strong><em>ΙὩστε</em></strong></span> <span class='ocrx_word' id='word_1_119' title='bbox 1081 1615 1193 1704; x_wconf 82' lang='grc' dir='ltr'><strong><em>τὸμὲν</em></strong></span> <span class='ocrx_word' id='word_1_120' title='bbox 1205 1617 1240 1686; x_wconf 86' lang='grc' dir='ltr'><strong><em>ὀν</em></strong></span> <span class='ocrx_word' id='word_1_121' title='bbox 1257 1613 1340 1704; x_wconf 88' lang='grc' dir='ltr'><strong><em>γιγνό-</em></strong></span> 
     </span>
    </p>

    <p class='ocr_par' dir='ltr' id='par_1_14' title="bbox 279 1723 1342 1810">
     <span class='ocr_line' id='line_1_14' title="bbox 279 1723 1342 1810; baseline -0.006 -15"><span class='ocrx_word' id='word_1_122' title='bbox 279 1753 344 1795; x_wconf 89' lang='grc' dir='ltr'><strong><em>σκει</em></strong></span> <span class='ocrx_word' id='word_1_123' title='bbox 364 1727 380 1793; x_wconf 85' lang='grc' dir='ltr'><em>ὃ</em></span> <span class='ocrx_word' id='word_1_124' title='bbox 398 1731 488 1807; x_wconf 81' lang='grc' dir='ltr'><strong><em>νοῦς,</em></strong></span> <span class='ocrx_word' id='word_1_125' title='bbox 517 1723 598 1795; x_wconf 72' lang='grc' dir='ltr'><strong><em>ἀλλὰ</em></strong></span> <span class='ocrx_word' id='word_1_126' title='bbox 625 1724 703 1793; x_wconf 77' lang='grc' dir='ltr'><strong><em>κατὰ</em></strong></span> <span class='ocrx_word' id='word_1_127' title='bbox 723 1724 758 1792; x_wconf 88' lang='grc' dir='ltr'><strong><em>τό</em></strong></span> <span class='ocrx_word' id='word_1_128' title='bbox 781 1724 877 1810; x_wconf 82' lang='grc' dir='ltr'><strong><em>φανόν</em></strong></span> <span class='ocrx_word' id='word_1_129' title='bbox 899 1726 939 1802; x_wconf 84' lang='grc' dir='ltr'><strong><em>ώς</em></strong></span> <span class='ocrx_word' id='word_1_130' title='bbox 960 1727 1056 1810; x_wconf 78' lang='grc' dir='ltr'><strong><em>φαμὲν</em></strong></span> <span class='ocrx_word' id='word_1_131' title='bbox 1078 1726 1256 1808; x_wconf 75' lang='grc' dir='ltr'><strong><em>ἀναγκαίως.</em></strong></span> <span class='ocrx_word' id='word_1_132' title='bbox 1293 1725 1342 1793; x_wconf 70' lang='grc' dir='ltr'><strong><em>Καὶ</em></strong></span> 
     </span>
    </p>

    <p class='ocr_par' dir='ltr' id='par_1_15' title="bbox 253 1829 1342 2025">
     <span class='ocr_line' id='line_1_15' title="bbox 253 1829 1342 1922; baseline -0.007 -20"><span class='ocrx_word' id='word_1_133' title='bbox 253 1835 256 1840; x_wconf 66' lang='grc'><em>’</em></span> <span class='ocrx_word' id='word_1_134' title='bbox 277 1833 339 1921; x_wconf 82' lang='grc' dir='ltr'><strong><em>μην</em></strong></span> <span class='ocrx_word' id='word_1_135' title='bbox 359 1837 414 1902; x_wconf 83' lang='grc' dir='ltr'><strong><em>τοῦ</em></strong></span> <span class='ocrx_word' id='word_1_136' title='bbox 435 1833 522 1911; x_wconf 86' lang='grc' dir='ltr'><strong><em>ὀντος</em></strong></span> <span class='ocrx_word' id='word_1_137' title='bbox 544 1833 698 1920; x_wconf 90' lang='grc' dir='ltr'><strong><em>ὀρέγεται·</em></strong></span> <span class='ocrx_word' id='word_1_138' title='bbox 719 1830 741 1919; x_wconf 75' lang='grc' dir='ltr'><strong><em>ὀ</em></strong></span> <span class='ocrx_word' id='word_1_139' title='bbox 760 1832 896 1919; x_wconf 78' lang='grc' dir='ltr'><strong><em>ὀρέγεται</em></strong></span> <span class='ocrx_word' id='word_1_140' title='bbox 918 1833 973 1918; x_wconf 82' lang='grc' dir='ltr'><strong><em>μὲν</em></strong></span> <span class='ocrx_word' id='word_1_141' title='bbox 996 1833 1036 1910; x_wconf 87' lang='grc' dir='ltr'><strong><em>ώς</em></strong></span> <span class='ocrx_word' id='word_1_142' title='bbox 1058 1831 1154 1914; x_wconf 87' lang='grc' dir='ltr'><strong><em>ὀντος,</em></strong></span> <span class='ocrx_word' id='word_1_143' title='bbox 1172 1834 1301 1922; x_wconf 80' lang='grc' dir='ltr'><strong><em>τυγχάνει</em></strong></span> <span class='ocrx_word' id='word_1_144' title='bbox 1317 1829 1342 1895; x_wconf 79' lang='grc' dir='ltr'><strong><em>ὀὶ</em></strong></span> 
     </span>
     <span class='ocr_line' id='line_1_16' title="bbox 278 1940 686 2025; baseline -0.015 -15"><span class='ocrx_word' id='word_1_145' title='bbox 278 1947 336 2010; x_wconf 80' lang='grc' dir='ltr'><strong><em>τοῦ</em></strong></span> <span class='ocrx_word' id='word_1_146' title='bbox 358 1942 457 2010; x_wconf 82' lang='grc' dir='ltr'><strong><em>αότοϋ</em></strong></span> <span class='ocrx_word' id='word_1_147' title='bbox 476 1940 518 2016; x_wconf 85' lang='grc' dir='ltr'><strong><em>ώς</em></strong></span> <span class='ocrx_word' id='word_1_148' title='bbox 539 1945 686 2025; x_wconf 82' lang='grc' dir='ltr'><strong><em>γνωστοῦ.</em></strong></span> 
     </span>
    </p>

    <p class='ocr_par' dir='ltr' id='par_1_16' title="bbox 366 2043 1341 2136">
     <span class='ocr_line' id='line_1_17' title="bbox 366 2043 1341 2136; baseline -0.006 -21"><span class='ocrx_word' id='word_1_149' title='bbox 366 2047 451 2136; x_wconf 81' lang='grc' dir='ltr'><strong><em>Τάχα</em></strong></span> <span class='ocrx_word' id='word_1_150' title='bbox 469 2047 505 2114; x_wconf 84' lang='grc' dir='ltr'><strong><em>ὀὲ</em></strong></span> <span class='ocrx_word' id='word_1_151' title='bbox 526 2049 578 2114; x_wconf 80' lang='grc' dir='ltr'><strong><em>καὶ</em></strong></span> <span class='ocrx_word' id='word_1_152' title='bbox 600 2047 617 2126; x_wconf 80' lang='grc' dir='ltr'>ἡ</span> <span class='ocrx_word' id='word_1_153' title='bbox 641 2043 739 2129; x_wconf 83' lang='grc' dir='ltr'><strong><em>ὀρεξις</em></strong></span> <span class='ocrx_word' id='word_1_154' title='bbox 758 2049 851 2132; x_wconf 79' lang='grc' dir='ltr'><strong><em>ῥητέα</em></strong></span> <span class='ocrx_word' id='word_1_155' title='bbox 872 2049 929 2112; x_wconf 80' lang='grc' dir='ltr'><strong><em>τοῦ</em></strong></span> <span class='ocrx_word' id='word_1_156' title='bbox 951 2045 1037 2124; x_wconf 83' lang='grc' dir='ltr'><strong><em>ὀντος</em></strong></span> <span class='ocrx_word' id='word_1_157' title='bbox 1056 2045 1134 2114; x_wconf 84' lang='grc' dir='ltr'><strong><em>κατώ</em></strong></span> <span class='ocrx_word' id='word_1_158' title='bbox 1154 2044 1190 2114; x_wconf 84' lang='grc' dir='ltr'><strong><em>τό</em></strong></span> <span class='ocrx_word' id='word_1_159' title='bbox 1218 2045 1341 2132; x_wconf 84' lang='grc' dir='ltr'><strong><em>γνωστόν</em></strong></span> 
     </span>
    </p>

    <p class='ocr_par' dir='ltr' id='par_1_17' title="bbox 279 2145 1345 2244">
     <span class='ocr_line' id='line_1_18' title="bbox 279 2145 1345 2244; baseline -0.004 -20"><span class='ocrx_word' id='word_1_160' title='bbox 279 2163 313 2224; x_wconf 76' lang='grc' dir='ltr'><strong><em>αἱ</em></strong></span> <span class='ocrx_word' id='word_1_161' title='bbox 333 2154 390 2243; x_wconf 81' lang='grc' dir='ltr'><strong><em>γώρ</em></strong></span> <span class='ocrx_word' id='word_1_162' title='bbox 408 2152 485 2221; x_wconf 77' lang='grc' dir='ltr'><strong><em>κατὰ</em></strong></span> <span class='ocrx_word' id='word_1_163' title='bbox 504 2157 594 2238; x_wconf 81' lang='grc' dir='ltr'><strong><em>φύσιν</em></strong></span> <span class='ocrx_word' id='word_1_164' title='bbox 616 2153 728 2239; x_wconf 80' lang='grc' dir='ltr'><strong><em>ὀρέξεις</em></strong></span> <span class='ocrx_word' id='word_1_165' title='bbox 747 2159 806 2219; x_wconf 83' lang='grc' dir='ltr'><strong><em>τῶν</em></strong></span> <span class='ocrx_word' id='word_1_166' title='bbox 827 2153 924 2220; x_wconf 82' lang='grc' dir='ltr'><strong><em>αότόιν</em></strong></span> <span class='ocrx_word' id='word_1_167' title='bbox 945 2161 1022 2222; x_wconf 78' lang='grc' dir='ltr'><strong><em>εἰσιν</em></strong></span> <span class='ocrx_word' id='word_1_168' title='bbox 1044 2145 1084 2220; x_wconf 82' lang='grc' dir='ltr'><strong><em>ὧν</em></strong></span> <span class='ocrx_word' id='word_1_169' title='bbox 1105 2159 1158 2222; x_wconf 80' lang='grc' dir='ltr'><strong><em>καὶ</em></strong></span> <span class='ocrx_word' id='word_1_170' title='bbox 1179 2164 1213 2226; x_wconf 79' lang='grc' dir='ltr'><strong><em>αῖ</em></strong></span> <span class='ocrx_word' id='word_1_171' title='bbox 1231 2156 1271 2244; x_wconf 83' lang='lat'><strong><em>¹⁷)</em></strong></span> <span class='ocrx_word' id='word_1_172' title='bbox 1291 2149 1345 2222; x_wconf 88' lang='grc' dir='ltr'><strong><em>τεό-</em></strong></span> 
     </span>
    </p>

    <p class='ocr_par' dir='ltr' id='par_1_18' title="bbox 190 2257 1345 2348">
     <span class='ocr_line' id='line_1_19' title="bbox 190 2257 1345 2348; baseline -0.004 -19"><span class='ocrx_word' id='word_1_173' title='bbox 190 2275 195 2283; x_wconf 80' lang='grc'><em>“</em></span> <span class='ocrx_word' id='word_1_174' title='bbox 280 2268 363 2344; x_wconf 81' lang='grc' dir='ltr'><strong><em>ξεις“’</em></strong></span> <span class='ocrx_word' id='word_1_175' title='bbox 375 2262 620 2347; x_wconf 76' lang='grc' dir='ltr'><strong><em>ὁμολογουμένως</em></strong></span> <span class='ocrx_word' id='word_1_176' title='bbox 639 2259 673 2328; x_wconf 80' lang='grc' dir='ltr'><strong><em>ὀὲ</em></strong></span> <span class='ocrx_word' id='word_1_177' title='bbox 693 2261 711 2346; x_wconf 76' lang='grc' dir='ltr'><em>ἢ</em></span> <span class='ocrx_word' id='word_1_178' title='bbox 732 2264 828 2339; x_wconf 80' lang='grc' dir='ltr'><strong><em>τεῦξις</em></strong></span> <span class='ocrx_word' id='word_1_179' title='bbox 847 2263 902 2326; x_wconf 83' lang='grc' dir='ltr'><strong><em>τοῦ</em></strong></span> <span class='ocrx_word' id='word_1_180' title='bbox 924 2259 1009 2338; x_wconf 85' lang='grc' dir='ltr'><strong><em>ὀντος</em></strong></span> <span class='ocrx_word' id='word_1_181' title='bbox 1023 2268 1065 2348; x_wconf 82' lang='grc' dir='ltr'><strong><em>τῷ</em></strong></span> <span class='ocrx_word' id='word_1_182' title='bbox 1079 2263 1273 2348; x_wconf 81' lang='grc' dir='ltr'><strong><em>γιγνώσκοντι</em></strong></span> <span class='ocrx_word' id='word_1_183' title='bbox 1284 2257 1345 2328; x_wconf 86' lang='grc' dir='ltr'><strong><em>νατό</em></strong></span> 
     </span>
    </p>

    <p class='ocr_par' dir='ltr' id='par_1_19' title="bbox 197 2357 1344 2458">
     <span class='ocr_line' id='line_1_20' title="bbox 197 2357 1344 2458; baseline -0.003 -22"><span class='ocrx_word' id='word_1_184' title='bbox 197 2398 260 2454; x_wconf 77' lang='lat' dir='ltr'><strong>pag.</strong></span> <span class='ocrx_word' id='word_1_185' title='bbox 280 2367 316 2436; x_wconf 86' lang='grc' dir='ltr'><strong><em>τό</em></strong></span> <span class='ocrx_word' id='word_1_186' title='bbox 337 2365 582 2455; x_wconf 86' lang='grc' dir='ltr'><strong><em>γιγνωσκόμενον.</em></strong></span> <span class='ocrx_word' id='word_1_187' title='bbox 635 2375 676 2434; x_wconf 84' lang='grc' dir='ltr'><strong><em>Τί</em></strong></span> <span class='ocrx_word' id='word_1_188' title='bbox 701 2357 757 2437; x_wconf 86' lang='grc' dir='ltr'><strong><em>οόν</em></strong></span> <span class='ocrx_word' id='word_1_189' title='bbox 781 2365 817 2434; x_wconf 88' lang='grc' dir='ltr'><strong><em>τό</em></strong></span> <span class='ocrx_word' id='word_1_190' title='bbox 844 2366 963 2452; x_wconf 80' lang='grc' dir='ltr'><strong><em>φανόν</em></strong></span> <span class='ocrx_word' id='word_1_191' title='bbox 991 2374 1084 2437; x_wconf 82' lang='grc' dir='ltr'><strong><em>τοῦτο</em></strong></span> <span class='ocrx_word' id='word_1_192' title='bbox 1112 2372 1253 2458; x_wconf 86' lang='grc' dir='ltr'><strong><em>λέγομεν,·</em></strong></span> <span class='ocrx_word' id='word_1_193' title='bbox 1275 2371 1294 2457; x_wconf 74' lang='grc' dir='ltr'><strong><em>η’</em></strong></span> <span class='ocrx_word' id='word_1_194' title='bbox 1318 2366 1344 2434; x_wconf 83' lang='grc' dir='ltr'><strong><em>τό</em></strong></span> 
     </span>
    </p>
   </div>
   <div class='ocr_carea' id='block_1_3' title="bbox 201 2449 1379 3101">
    <p class='ocr_par' dir='ltr' id='par_1_20' title="bbox 201 2449 1379 3101">
     <span class='ocr_line' id='line_1_21' title="bbox 201 2449 1344 2570; baseline -0.003 -26"><span class='ocrx_word' id='word_1_195' title='bbox 201 2449 260 2570; x_wconf 33' lang='grc' dir='ltr'><strong><em>Ιώ7·</em></strong></span> <span class='ocrx_word' id='word_1_196' title='bbox 280 2483 448 2564; x_wconf 71' lang='grc' dir='ltr'><strong><em>φαίνεσθαι</em></strong></span> <span class='ocrx_word' id='word_1_197' title='bbox 469 2489 533 2554; x_wconf 77' lang='grc' dir='ltr'><strong><em>τοῖς</em></strong></span> <span class='ocrx_word' id='word_1_198' title='bbox 554 2475 705 2560; x_wconf 76' lang='grc' dir='ltr'><strong><em>δευτέροις</em></strong></span> <span class='ocrx_word' id='word_1_199' title='bbox 724 2473 919 2562; x_wconf 77' lang='grc' dir='ltr'><strong><em>ἀντεχόμενον</em></strong></span> <span class='ocrx_word' id='word_1_200' title='bbox 940 2480 991 2544; x_wconf 80' lang='grc' dir='ltr'><strong><em>καὶ</em></strong></span> <span class='ocrx_word' id='word_1_201' title='bbox 1011 2485 1055 2555; x_wconf 82' lang='grc' dir='ltr'><strong><em>εἰς</em></strong></span> <span class='ocrx_word' id='word_1_202' title='bbox 1068 2489 1254 2566; x_wconf 85' lang='grc' dir='ltr'><strong><em>συμμετρίαν</em></strong></span> <span class='ocrx_word' id='word_1_203' title='bbox 1273 2471 1344 2547; x_wconf 79' lang='grc' dir='ltr'><strong><em>ἑαυτό</em></strong></span> 
     </span>
     <span class='ocr_line' id='line_1_22' title="bbox 279 2581 1379 2674; baseline -0.002 -23"><span class='ocrx_word' id='word_1_204' title='bbox 279 2587 479 2672; x_wconf 89' lang='grc' dir='ltr'><strong><em>παρεχόμενον</em></strong></span> <span class='ocrx_word' id='word_1_205' title='bbox 499 2594 563 2658; x_wconf 82' lang='grc' dir='ltr'><strong><em>τοῖς</em></strong></span> <span class='ocrx_word' id='word_1_206' title='bbox 583 2581 752 2648; x_wconf 74' lang='grc' dir='ltr'><strong><em>ἀπολαύειν</em></strong></span> <span class='ocrx_word' id='word_1_207' title='bbox 772 2585 870 2648; x_wconf 85' lang='grc' dir='ltr'><strong><em>αὐτοῦ</em></strong></span> <span class='ocrx_word' id='word_1_208' title='bbox 889 2584 1102 2669; x_wconf 78' lang='grc' dir='ltr'><strong><em>βουλομένοις,</em></strong></span> <span class='ocrx_word' id='word_1_209' title='bbox 1124 2591 1177 2656; x_wconf 79' lang='grc' dir='ltr'><strong><em>καὶ</em></strong></span> <span class='ocrx_word' id='word_1_210' title='bbox 1197 2584 1345 2674; x_wconf 86' lang='grc' dir='ltr'><strong><em>περιπτόσ-</em></strong></span> <span class='ocrx_word' id='word_1_211' title='bbox 1377 2653 1379 2658; x_wconf 68' lang='grc'><strong><em>,</em></strong></span> 
     </span>
     <span class='ocr_line' id='line_1_23' title="bbox 280 2687 1345 2781; baseline -0.003 -23"><span class='ocrx_word' id='word_1_212' title='bbox 280 2694 395 2758; x_wconf 75' lang='grc' dir='ltr'><strong><em>οεοθαι</em></strong></span> <span class='ocrx_word' id='word_1_213' title='bbox 415 2689 512 2756; x_wconf 79' lang='grc' dir='ltr'><strong><em>αὐτοῦ</em></strong></span> <span class='ocrx_word' id='word_1_214' title='bbox 533 2687 567 2772; x_wconf 81' lang='grc' dir='ltr'><strong><em>τὸ</em></strong></span> <span class='ocrx_word' id='word_1_215' title='bbox 590 2693 804 2775; x_wconf 83' lang='grc' dir='ltr'><strong><em>προπομπεῠον</em></strong></span> <span class='ocrx_word' id='word_1_216' title='bbox 825 2696 888 2772; x_wconf 83' lang='grc' dir='ltr'><strong><em>φώς</em></strong></span> <span class='ocrx_word' id='word_1_217' title='bbox 909 2696 1082 2776; x_wconf 79' lang='grc' dir='ltr'><strong><em>ἐφιεμένοις.</em></strong></span> <span class='ocrx_word' id='word_1_218' title='bbox 1128 2695 1193 2760; x_wconf 81' lang='grc' dir='ltr'><strong><em>Οὐκ</em></strong></span> <span class='ocrx_word' id='word_1_219' title='bbox 1215 2695 1274 2781; x_wconf 71' lang='grc' dir='ltr'><strong><em>ἄρα</em></strong></span> <span class='ocrx_word' id='word_1_220' title='bbox 1290 2687 1345 2758; x_wconf 80' lang='grc' dir='ltr'><strong><em>ὀλοι</em></strong></span> 
     </span>
     <span class='ocr_line' id='line_1_24' title="bbox 279 2793 1345 2892; baseline -0.003 -28"><span class='ocrx_word' id='word_1_221' title='bbox 279 2793 431 2882; x_wconf 89' lang='grc' dir='ltr'><strong><em>γνωστόν,</em></strong></span> <span class='ocrx_word' id='word_1_222' title='bbox 451 2795 530 2862; x_wconf 76' lang='grc' dir='ltr'><strong><em>ἄλλα</em></strong></span> <span class='ocrx_word' id='word_1_223' title='bbox 549 2793 641 2880; x_wconf 91' lang='grc' dir='ltr'><strong><em>μόνον</em></strong></span> <span class='ocrx_word' id='word_1_224' title='bbox 662 2794 696 2862; x_wconf 88' lang='grc' dir='ltr'><strong><em>τό</em></strong></span> <span class='ocrx_word' id='word_1_225' title='bbox 718 2799 795 2879; x_wconf 76' lang='grc' dir='ltr'><strong><em>φώς,</em></strong></span> <span class='ocrx_word' id='word_1_226' title='bbox 825 2797 888 2863; x_wconf 80' lang='grc' dir='ltr'><strong><em>οἷον</em></strong></span> <span class='ocrx_word' id='word_1_227' title='bbox 915 2804 951 2892; x_wconf 71' lang='grc' dir='ltr'><strong><em>τῇ</em></strong></span> <span class='ocrx_word' id='word_1_228' title='bbox 979 2797 1050 2884; x_wconf 83' lang='grc' dir='ltr'><strong><em>ὀψει</em></strong></span> <span class='ocrx_word' id='word_1_229' title='bbox 1075 2799 1110 2866; x_wconf 90' lang='grc' dir='ltr'><strong><em>τό</em></strong></span> <span class='ocrx_word' id='word_1_230' title='bbox 1140 2807 1246 2886; x_wconf 80' lang='grc' dir='ltr'><strong><em>χρῶμα</em></strong></span> <span class='ocrx_word' id='word_1_231' title='bbox 1270 2797 1345 2885; x_wconf 89' lang='grc' dir='ltr'><strong><em>μόνον</em></strong></span> 
     </span>
     <span class='ocr_line' id='line_1_25' title="bbox 280 2899 1347 2992; baseline 0 -22"><span class='ocrx_word' id='word_1_232' title='bbox 280 2902 387 2990; x_wconf 79' lang='grc' dir='ltr'><strong><em>ὁρατὸν</em></strong></span> <span class='ocrx_word' id='word_1_233' title='bbox 405 2905 473 2972; x_wconf 72' lang='grc' dir='ltr'><strong><em>ἀλλ’</em></strong></span> <span class='ocrx_word' id='word_1_234' title='bbox 495 2903 531 2969; x_wconf 82' lang='grc' dir='ltr'><strong><em>οὗ</em></strong></span> <span class='ocrx_word' id='word_1_235' title='bbox 552 2899 586 2970; x_wconf 85' lang='grc' dir='ltr'><strong><em>τό</em></strong></span> <span class='ocrx_word' id='word_1_236' title='bbox 607 2903 799 2988; x_wconf 79' lang='grc' dir='ltr'><strong><em>ὑποκείμενον</em></strong></span> <span class='ocrx_word' id='word_1_237' title='bbox 812 2907 863 2981; x_wconf 76' lang='lat'><strong>¹⁸).</strong></span> <span class='ocrx_word' id='word_1_238' title='bbox 887 2902 933 2972; x_wconf 84' lang='grc' dir='ltr'>Ἢ</span> <span class='ocrx_word' id='word_1_239' title='bbox 949 2903 1079 2990; x_wconf 82' lang='grc' dir='ltr'><strong><em>μάλιστα</em></strong></span> <span class='ocrx_word' id='word_1_240' title='bbox 1099 2909 1153 2992; x_wconf 84' lang='grc' dir='ltr'><strong><em>μὲν</em></strong></span> <span class='ocrx_word' id='word_1_241' title='bbox 1173 2909 1347 2976; x_wconf 78' lang='grc' dir='ltr'><strong><em>οὗόὲνθαυ-</em></strong></span> 
     </span>
     <span class='ocr_line' id='line_1_26' title="bbox 278 3010 1344 3101; baseline 0.002 -25"><span class='ocrx_word' id='word_1_242' title='bbox 278 3011 393 3101; x_wconf 78' lang='grc' dir='ltr'><strong><em>μαστόν</em></strong></span> <span class='ocrx_word' id='word_1_243' title='bbox 413 3010 490 3078; x_wconf 82' lang='grc' dir='ltr'><strong><em>ὀλλό</em></strong></span> <span class='ocrx_word' id='word_1_244' title='bbox 508 3013 559 3077; x_wconf 78' lang='grc' dir='ltr'><strong><em>καλ</em></strong></span> <span class='ocrx_word' id='word_1_245' title='bbox 576 3010 743 3096; x_wconf 73' lang='grc' dir='ltr'><strong><em>ὀναγκαέον</em></strong></span> <span class='ocrx_word' id='word_1_246' title='bbox 764 3012 840 3078; x_wconf 80' lang='grc' dir='ltr'><strong><em>εἶναι’</em></strong></span> <span class='ocrx_word' id='word_1_247' title='bbox 860 3040 890 3078; x_wconf 82' lang='grc' dir='ltr'><strong><em>τι</em></strong></span> <span class='ocrx_word' id='word_1_248' title='bbox 910 3012 956 3078; x_wconf 83' lang='grc' dir='ltr'><strong><em>ὀεὶ</em></strong></span> <span class='ocrx_word' id='word_1_249' title='bbox 976 3018 1035 3078; x_wconf 81' lang='grc' dir='ltr'><strong><em>τῶν</em></strong></span> <span class='ocrx_word' id='word_1_250' title='bbox 1056 3011 1183 3100; x_wconf 88' lang='grc' dir='ltr'><strong><em>πρώτων</em></strong></span> <span class='ocrx_word' id='word_1_251' title='bbox 1205 3029 1270 3094; x_wconf 81' lang='grc' dir='ltr'><strong><em>τοῖς</em></strong></span> <span class='ocrx_word' id='word_1_252' title='bbox 1288 3015 1344 3080; x_wconf 80' lang='grc' dir='ltr'><strong><em>ὀευ-</em></strong></span> 
     </span>
    </p>
   </div>
   <div class='ocr_carea' id='block_1_4' title="bbox 276 3115 1346 3638">
    <p class='ocr_par' dir='ltr' id='par_1_21' title="bbox 276 3115 1346 3638">
     <span class='ocr_line' id='line_1_27' title="bbox 278 3115 1346 3211; baseline 0.005 -29"><span class='ocrx_word' id='word_1_253' title='bbox 278 3121 376 3205; x_wconf 88' lang='grc' dir='ltr'><strong><em>τέροις</em></strong></span> <span class='ocrx_word' id='word_1_254' title='bbox 395 3117 532 3205; x_wconf 80' lang='grc' dir='ltr'><strong><em>ὀληπτον</em></strong></span> <span class='ocrx_word' id='word_1_255' title='bbox 551 3122 602 3185; x_wconf 83' lang='grc' dir='ltr'><strong><em>καὶ</em></strong></span> <span class='ocrx_word' id='word_1_256' title='bbox 624 3119 812 3205; x_wconf 73' lang='grc' dir='ltr'><strong><em>ἀπόρρητον·</em></strong></span> <span class='ocrx_word' id='word_1_257' title='bbox 835 3115 913 3185; x_wconf 77' lang='grc' dir='ltr'><strong><em>οότω</em></strong></span> <span class='ocrx_word' id='word_1_258' title='bbox 935 3119 990 3206; x_wconf 82' lang='grc' dir='ltr'><strong><em>γόρ</em></strong></span> <span class='ocrx_word' id='word_1_259' title='bbox 1016 3124 1067 3188; x_wconf 82' lang='grc' dir='ltr'><strong><em>καὶ</em></strong></span> <span class='ocrx_word' id='word_1_260' title='bbox 1088 3124 1123 3189; x_wconf 88' lang='grc' dir='ltr'><strong><em>τό</em></strong></span> <span class='ocrx_word' id='word_1_261' title='bbox 1148 3123 1251 3211; x_wconf 77' lang='grc' dir='ltr'><strong><em>πάντη</em></strong></span> <span class='ocrx_word' id='word_1_262' title='bbox 1276 3129 1346 3208; x_wconf 78' lang='grc' dir='ltr'><strong><em>ἐκβε-</em></strong></span> 
     </span>
     <span class='ocr_line' id='line_1_28' title="bbox 276 3216 1346 3320; baseline 0 -28"><span class='ocrx_word' id='word_1_263' title='bbox 276 3225 373 3317; x_wconf 78' lang='grc' dir='ltr'><strong><em>βηκὸς</em></strong></span> <span class='ocrx_word' id='word_1_264' title='bbox 393 3224 563 3314; x_wconf 79' lang='grc' dir='ltr'><strong><em>ὀπόρῤητον</em></strong></span> <span class='ocrx_word' id='word_1_265' title='bbox 582 3216 620 3311; x_wconf 73' lang='grc' dir='ltr'><strong><em>ἦν</em></strong></span> <span class='ocrx_word' id='word_1_266' title='bbox 641 3227 746 3305; x_wconf 76' lang='grc' dir='ltr'><strong><em>ἁπλοῖς</em></strong></span> <span class='ocrx_word' id='word_1_267' title='bbox 765 3225 842 3314; x_wconf 85' lang='grc' dir='ltr'><strong><em>πρὸς</em></strong></span> <span class='ocrx_word' id='word_1_268' title='bbox 856 3227 973 3309; x_wconf 80' lang='grc' dir='ltr'><strong><em>πάντα,</em></strong></span> <span class='ocrx_word' id='word_1_269' title='bbox 992 3235 1051 3296; x_wconf 82' lang='grc' dir='ltr'><strong><em>τῶν</em></strong></span> <span class='ocrx_word' id='word_1_270' title='bbox 1068 3229 1104 3320; x_wconf 71' lang='grc' dir='ltr'><strong><em>ὀὶ</em></strong></span> <span class='ocrx_word' id='word_1_271' title='bbox 1121 3228 1221 3298; x_wconf 70' lang='grc' dir='ltr'><strong><em>ἄλλων</em></strong></span> <span class='ocrx_word' id='word_1_272' title='bbox 1235 3238 1346 3298; x_wconf 78' lang='grc' dir='ltr'><strong><em>ἕκαστον</em></strong></span> 
     </span>
     <span class='ocr_line' id='line_1_29' title="bbox 278 3329 1345 3424; baseline 0.002 -26"><span class='ocrx_word' id='word_1_273' title='bbox 278 3329 354 3419; x_wconf 82' lang='grc' dir='ltr'><strong><em>πρὸς</em></strong></span> <span class='ocrx_word' id='word_1_274' title='bbox 372 3333 411 3400; x_wconf 85' lang='grc' dir='ltr'><strong><em>τὰ</em></strong></span> <span class='ocrx_word' id='word_1_275' title='bbox 430 3333 558 3418; x_wconf 80' lang='grc' dir='ltr'><strong><em>δεύτερα</em></strong></span> <span class='ocrx_word' id='word_1_276' title='bbox 575 3333 666 3418; x_wconf 88' lang='grc' dir='ltr'><strong><em>μόνον</em></strong></span> <span class='ocrx_word' id='word_1_277' title='bbox 685 3338 798 3400; x_wconf 77' lang='grc' dir='ltr'><strong><em>ἑαυτοῦ</em></strong></span> <span class='ocrx_word' id='word_1_278' title='bbox 820 3361 853 3401; x_wconf 89' lang='grc' dir='ltr'><strong><em>τε</em></strong></span> <span class='ocrx_word' id='word_1_279' title='bbox 880 3331 1053 3423; x_wconf 74' lang='grc' dir='ltr'><strong><em>ἀπόρρητον</em></strong></span> <span class='ocrx_word' id='word_1_280' title='bbox 1074 3340 1140 3424; x_wconf 80' lang='grc' dir='ltr'><strong><em>ἔχει·</em></strong></span> <span class='ocrx_word' id='word_1_281' title='bbox 1159 3341 1212 3406; x_wconf 81' lang='grc' dir='ltr'><strong><em>καὶ</em></strong></span> <span class='ocrx_word' id='word_1_282' title='bbox 1231 3348 1345 3424; x_wconf 81' lang='grc' dir='ltr'><strong><em>γίγνεται</em></strong></span> 
     </span>
     <span class='ocr_line' id='line_1_30' title="bbox 277 3431 1344 3530; baseline -0.001 -24"><span class='ocrx_word' id='word_1_283' title='bbox 277 3437 356 3524; x_wconf 90' lang='grc' dir='ltr'><strong><em>πρός</em></strong></span> <span class='ocrx_word' id='word_1_284' title='bbox 375 3469 406 3506; x_wconf 90' lang='grc' dir='ltr'><strong><em>τι</em></strong></span> <span class='ocrx_word' id='word_1_285' title='bbox 425 3439 608 3528; x_wconf 82' lang='grc' dir='ltr'><strong><em>ὀπόρῤητον.</em></strong></span> <span class='ocrx_word' id='word_1_286' title='bbox 648 3434 799 3508; x_wconf 75' lang='grc' dir='ltr'><strong><em>Μάλιστα</em></strong></span> <span class='ocrx_word' id='word_1_287' title='bbox 819 3442 872 3525; x_wconf 80' lang='grc' dir='ltr'><strong><em>μὲν</em></strong></span> <span class='ocrx_word' id='word_1_288' title='bbox 893 3431 945 3508; x_wconf 80' lang='grc' dir='ltr'><strong><em>οόν</em></strong></span> <span class='ocrx_word' id='word_1_289' title='bbox 966 3436 1040 3530; x_wconf 80' lang='grc' dir='ltr'><strong><em>ὅπερ</em></strong></span> <span class='ocrx_word' id='word_1_290' title='bbox 1063 3444 1254 3530; x_wconf 74' lang='grc' dir='ltr'><strong><em>έφην,οόὀε“ν</em></strong></span> <span class='ocrx_word' id='word_1_291' title='bbox 1270 3448 1344 3510; x_wconf 78' lang='grc' dir='ltr'><strong><em>τοῖσι</em></strong></span> 
     </span>
     <span class='ocr_line' id='line_1_31' title="bbox 277 3541 1345 3638; baseline -0.002 -26"><span class='ocrx_word' id='word_1_292' title='bbox 277 3545 465 3634; x_wconf 86' lang='grc' dir='ltr'><strong><em>παρόλογον,</em></strong></span> <span class='ocrx_word' id='word_1_293' title='bbox 488 3547 551 3614; x_wconf 72' lang='grc' dir='ltr'><strong><em>ἄλλ’</em></strong></span> <span class='ocrx_word' id='word_1_294' title='bbox 574 3550 668 3614; x_wconf 80' lang='grc' dir='ltr'><strong><em>έκεῖνο</em></strong></span> <span class='ocrx_word' id='word_1_295' title='bbox 690 3549 762 3624; x_wconf 82' lang='grc' dir='ltr'><strong><em>ἴσως</em></strong></span> <span class='ocrx_word' id='word_1_296' title='bbox 782 3541 961 3632; x_wconf 77' lang='grc' dir='ltr'><strong><em>ὀπορόσειεν</em></strong></span> <span class='ocrx_word' id='word_1_297' title='bbox 980 3547 1019 3617; x_wconf 78' lang='grc' dir='ltr'><strong><em>ἅν</em></strong></span> <span class='ocrx_word' id='word_1_298' title='bbox 1040 3577 1102 3632; x_wconf 85' lang='grc' dir='ltr'><strong><em>τις,</em></strong></span> <span class='ocrx_word' id='word_1_299' title='bbox 1129 3557 1157 3618; x_wconf 73' lang='grc' dir='ltr'><strong><em>εἰ</em></strong></span> <span class='ocrx_word' id='word_1_300' title='bbox 1177 3556 1220 3638; x_wconf 80' lang='grc' dir='ltr'><strong><em>τῷ</em></strong></span> <span class='ocrx_word' id='word_1_301' title='bbox 1242 3551 1300 3618; x_wconf 82' lang='grc' dir='ltr'><strong><em>ὀντι</em></strong></span> <span class='ocrx_word' id='word_1_302' title='bbox 1317 3543 1345 3612; x_wconf 80' lang='grc' dir='ltr'><strong><em>τό</em></strong></span> 
     </span>
    </p>
   </div>
   <div class='ocr_carea' id='block_1_5' title="bbox 206 3777 1343 4197">
    <p class='ocr_par' dir='ltr' id='par_1_22' title="bbox 349 3777 1343 3852">
     <span class='ocr_line' id='line_1_32' title="bbox 349 3777 1343 3852; baseline 0.003 -23"><span class='ocrx_word' id='word_1_303' title='bbox 349 3779 394 3844; x_wconf 75' lang='lat'><strong><em>15)</em></strong></span> <span class='ocrx_word' id='word_1_304' title='bbox 413 3779 488 3832; x_wconf 85' lang='lat' dir='ltr'>Mon.</span> <span class='ocrx_word' id='word_1_305' title='bbox 508 3780 741 3849; x_wconf 78' lang='grc' dir='ltr'><strong><em>φανερὸν....καλ</em></strong></span> <span class='ocrx_word' id='word_1_306' title='bbox 760 3779 810 3850; x_wconf 82' lang='grc' dir='ltr'><strong><em>γὰρ</em></strong></span> <span class='ocrx_word' id='word_1_307' title='bbox 829 3777 897 3846; x_wconf 76' lang='grc' dir='ltr'><strong><em>ἄλλῳ</em></strong></span> <span class='ocrx_word' id='word_1_308' title='bbox 912 3780 1170 3852; x_wconf 78' lang='grc' dir='ltr'><strong><em>τῷ..φέρει...τὸ</em></strong></span> <span class='ocrx_word' id='word_1_309' title='bbox 1187 3783 1343 3847; x_wconf 68' lang='grc' dir='ltr'><strong><em>αἰσθητῷ.-</em></strong></span> 
     </span>
    </p>

    <p class='ocr_par' dir='ltr' id='par_1_23' title="bbox 206 3846 1343 3922">
     <span class='ocr_line' id='line_1_33' title="bbox 206 3846 1343 3922; baseline 0.002 -24"><span class='ocrx_word' id='word_1_310' title='bbox 206 3863 209 3868; x_wconf 94' lang='grc'><strong><em>·</em></strong></span> <span class='ocrx_word' id='word_1_311' title='bbox 280 3847 323 3912; x_wconf 70' lang='grc'><strong><em>16)</em></strong></span> <span class='ocrx_word' id='word_1_312' title='bbox 337 3847 411 3900; x_wconf 76' lang='lat' dir='ltr'><strong>Mon.</strong></span> <span class='ocrx_word' id='word_1_313' title='bbox 426 3846 580 3919; x_wconf 82' lang='grc' dir='ltr'><strong><em>σύμμετρον.</em></strong></span> <span class='ocrx_word' id='word_1_314' title='bbox 598 3848 662 3918; x_wconf 87' lang='grc' dir='ltr'><strong><em>πρὸς</em></strong></span> <span class='ocrx_word' id='word_1_315' title='bbox 680 3848 758 3916; x_wconf 77' lang='grc' dir='ltr'><strong><em>αὐτὴν</em></strong></span> <span class='ocrx_word' id='word_1_316' title='bbox 768 3847 925 3918; x_wconf 85' lang='grc' dir='ltr'><strong><em>γιγνόμενον</em></strong></span> <span class='ocrx_word' id='word_1_317' title='bbox 943 3849 1022 3914; x_wconf 82' lang='grc' dir='ltr'><strong><em>(εἰσ)</em></strong></span> <span class='ocrx_word' id='word_1_318' title='bbox 1035 3888 1042 3901; x_wconf 91' lang='grc'><strong><em>.</em></strong></span> <span class='ocrx_word' id='word_1_319' title='bbox 1053 3889 1062 3902; x_wconf 92' lang='grc'><strong><em>.</em></strong></span> <span class='ocrx_word' id='word_1_320' title='bbox 1072 3888 1079 3903; x_wconf 95' lang='grc'><strong><em>.</em></strong></span> <span class='ocrx_word' id='word_1_321' title='bbox 1091 3853 1140 3903; x_wconf 76' lang='grc' dir='ltr'><strong><em>τοῦ</em></strong></span> <span class='ocrx_word' id='word_1_322' title='bbox 1158 3852 1239 3922; x_wconf 86' lang='grc' dir='ltr'><strong><em>φανὸν</em></strong></span> <span class='ocrx_word' id='word_1_323' title='bbox 1260 3852 1343 3902; x_wconf 75' lang='grc' dir='ltr'><strong><em>τοῦ...</em></strong></span> 
     </span>
    </p>

    <p class='ocr_par' dir='ltr' id='par_1_24' title="bbox 277 3915 1343 3991">
     <span class='ocr_line' id='line_1_34' title="bbox 277 3915 1343 3991; baseline 0.002 -24"><span class='ocrx_word' id='word_1_324' title='bbox 277 3917 323 3976; x_wconf 69' lang='grc' dir='ltr'><strong><em>έως</em></strong></span> <span class='ocrx_word' id='word_1_325' title='bbox 345 3919 518 3984; x_wconf 82' lang='grc' dir='ltr'><strong><em>γνωστικοῦ..</em></strong></span> <span class='ocrx_word' id='word_1_326' title='bbox 537 3915 707 3987; x_wconf 77' lang='grc' dir='ltr'><strong><em>προαπαντῶν</em></strong></span> <span class='ocrx_word' id='word_1_327' title='bbox 731 3921 870 3985; x_wconf 58' lang='lat' dir='ltr'><strong><em>mem</em></strong></span> <span class='ocrx_word' id='word_1_328' title='bbox 882 3952 952 3968; x_wconf 83' lang='grc'><strong><em>.....</em></strong></span> <span class='ocrx_word' id='word_1_329' title='bbox 974 3917 1039 3969; x_wconf 73' lang='grc' dir='ltr'><strong><em>ἀλλὰ</em></strong></span> <span class='ocrx_word' id='word_1_330' title='bbox 1067 3920 1099 3971; x_wconf 83' lang='grc' dir='ltr'><strong><em>τὸ</em></strong></span> <span class='ocrx_word' id='word_1_331' title='bbox 1123 3921 1234 3991; x_wconf 81' lang='grc' dir='ltr'><strong><em>φανερὸν</em></strong></span> <span class='ocrx_word' id='word_1_332' title='bbox 1259 3922 1305 3970; x_wconf 77' lang='grc' dir='ltr'><strong><em>τοῖν</em></strong></span> <span class='ocrx_word' id='word_1_333' title='bbox 1325 3934 1343 3965; x_wconf 77' lang='grc' dir='ltr'><strong><em>ιι·</em></strong></span> 
     </span>
    </p>

    <p class='ocr_par' dir='ltr' id='par_1_25' title="bbox 275 3984 1343 4060">
     <span class='ocr_line' id='line_1_35' title="bbox 275 3984 1343 4060; baseline 0.002 -24"><span class='ocrx_word' id='word_1_334' title='bbox 275 3985 340 4036; x_wconf 82' lang='lat' dir='ltr'><strong><em>Mox</em></strong></span> <span class='ocrx_word' id='word_1_335' title='bbox 357 3985 378 4038; x_wconf 84' lang='lat' dir='ltr'><strong><em>f.</em></strong></span> <span class='ocrx_word' id='word_1_336' title='bbox 398 3987 418 4038; x_wconf 93' lang='lat' dir='ltr'><strong><em>l.</em></strong></span> <span class='ocrx_word' id='word_1_337' title='bbox 438 3985 517 4056; x_wconf 87' lang='grc' dir='ltr'><strong><em>ώςπερ</em></strong></span> <span class='ocrx_word' id='word_1_338' title='bbox 535 3986 669 4056; x_wconf 82' lang='grc' dir='ltr'><strong><em>γιγνώσκει</em></strong></span> <span class='ocrx_word' id='word_1_339' title='bbox 689 3985 753 4038; x_wconf 80' lang='grc' dir='ltr'><strong><em>ἄλλο</em></strong></span> <span class='ocrx_word' id='word_1_340' title='bbox 770 3989 822 4039; x_wconf 77' lang='grc' dir='ltr'><strong><em>πᾶν</em></strong></span> <span class='ocrx_word' id='word_1_341' title='bbox 838 3984 1052 4056; x_wconf 84' lang='grc' dir='ltr'><strong><em>γιγνωσκόμενον.</em></strong></span> <span class='ocrx_word' id='word_1_342' title='bbox 1069 4006 1155 4060; x_wconf 76' lang='lat' dir='ltr'>supra</span> <span class='ocrx_word' id='word_1_343' title='bbox 1172 3988 1268 4044; x_wconf 74' lang='lat' dir='ltr'>Hamb.</span> <span class='ocrx_word' id='word_1_344' title='bbox 1286 4003 1343 4055; x_wconf 86' lang='grc' dir='ltr'><strong><em>προ-</em></strong></span> 
     </span>
    </p>

    <p class='ocr_par' dir='ltr' id='par_1_26' title="bbox 274 4053 1343 4197">
     <span class='ocr_line' id='line_1_36' title="bbox 275 4053 1343 4124; baseline 0.005 -21"><span class='ocrx_word' id='word_1_345' title='bbox 275 4053 421 4121; x_wconf 80' lang='grc' dir='ltr'><strong><em>πομπεῦόν.</em></strong></span> <span class='ocrx_word' id='word_1_346' title='bbox 447 4055 496 4109; x_wconf 84' lang='grc' dir='ltr'><strong><em>εἰσ.</em></strong></span> <span class='ocrx_word' id='word_1_347' title='bbox 517 4086 548 4097; x_wconf 87' lang='grc'><strong>-</strong></span> <span class='ocrx_word' id='word_1_348' title='bbox 570 4059 615 4124; x_wconf 84' lang='lat'><strong><em>17)</em></strong></span> <span class='ocrx_word' id='word_1_349' title='bbox 639 4057 713 4108; x_wconf 87' lang='lat' dir='ltr'><strong>Mon.</strong></span> <span class='ocrx_word' id='word_1_350' title='bbox 735 4055 772 4107; x_wconf 84' lang='grc' dir='ltr'><strong><em>ών</em></strong></span> <span class='ocrx_word' id='word_1_351' title='bbox 790 4057 833 4108; x_wconf 75' lang='grc' dir='ltr'><strong><em>καὶ</em></strong></span> <span class='ocrx_word' id='word_1_352' title='bbox 857 4055 986 4118; x_wconf 73' lang='grc' dir='ltr'><strong><em>ἰντεόξεις.</em></strong></span> <span class='ocrx_word' id='word_1_353' title='bbox 1006 4086 1037 4097; x_wconf 86' lang='lat'><em>-</em></span> <span class='ocrx_word' id='word_1_354' title='bbox 1060 4057 1105 4124; x_wconf 79' lang='grc' dir='ltr'><strong><em>ιθ)</em></strong></span> <span class='ocrx_word' id='word_1_355' title='bbox 1129 4060 1205 4112; x_wconf 87' lang='grc' dir='ltr'><strong><em>Μοα.</em></strong></span> <span class='ocrx_word' id='word_1_356' title='bbox 1228 4057 1260 4110; x_wconf 82' lang='grc' dir='ltr'><strong><em>τὸ</em></strong></span> <span class='ocrx_word' id='word_1_357' title='bbox 1280 4054 1343 4122; x_wconf 76' lang='grc' dir='ltr'><strong><em>ὑπερ·</em></strong></span> 
     </span>
     <span class='ocr_line' id='line_1_37' title="bbox 274 4123 1258 4197; baseline 0.007 -26"><span class='ocrx_word' id='word_1_358' title='bbox 274 4126 389 4192; x_wconf 74' lang='grc' dir='ltr'><strong><em>κείμενον</em></strong></span> <span class='ocrx_word' id='word_1_359' title='bbox 397 4161 483 4182; x_wconf 86' lang='grc'><strong><em>......</em></strong></span> <span class='ocrx_word' id='word_1_360' title='bbox 502 4143 528 4175; x_wconf 88' lang='grc' dir='ltr'><strong><em>τι</em></strong></span> <span class='ocrx_word' id='word_1_361' title='bbox 545 4126 597 4177; x_wconf 78' lang='grc' dir='ltr'><strong><em>τῶν</em></strong></span> <span class='ocrx_word' id='word_1_362' title='bbox 613 4123 720 4196; x_wconf 84' lang='grc' dir='ltr'><strong><em>πρώτων</em></strong></span> <span class='ocrx_word' id='word_1_363' title='bbox 738 4124 780 4178; x_wconf 76' lang='grc' dir='ltr'><strong><em>αἐἶ</em></strong></span> <span class='ocrx_word' id='word_1_364' title='bbox 799 4131 855 4183; x_wconf 81' lang='grc' dir='ltr'><strong><em>τοῖς</em></strong></span> <span class='ocrx_word' id='word_1_365' title='bbox 872 4125 889 4178; x_wconf 77' lang='grc' dir='ltr'><strong><em>ὀ</em></strong></span> <span class='ocrx_word' id='word_1_366' title='bbox 898 4165 903 4178; x_wconf 94' lang='grc'><strong><em>.</em></strong></span> <span class='ocrx_word' id='word_1_367' title='bbox 915 4164 921 4178; x_wconf 89' lang='grc'><strong><em>.</em></strong></span> <span class='ocrx_word' id='word_1_368' title='bbox 935 4160 973 4179; x_wconf 87' lang='grc'><strong><em>...</em></strong></span> <span class='ocrx_word' id='word_1_369' title='bbox 993 4125 1091 4180; x_wconf 79' lang='grc' dir='ltr'><strong><em>ΗειυΙι.</em></strong></span> <span class='ocrx_word' id='word_1_370' title='bbox 1111 4127 1258 4197; x_wconf 71' lang='grc' dir='ltr'><strong><em>λμβεβηκὸς.</em></strong></span> 
     </span>
    </p>
   </div>
   <div class='ocr_carea' id='block_1_6' title="bbox 0 0 1390 4840">
    <p class='ocr_par' dir='ltr' id='par_1_27' title="bbox 0 0 1390 4840">
     <span class='ocr_line' id='line_1_38' title="bbox 0 0 1390 4840; baseline 0 0"><span class='ocrx_word' id='word_1_371' title='bbox 0 0 1390 4840; x_wconf 95' lang='lat' dir='ltr'><strong><em> </em></strong></span> 
     </span>
    </p>
   </div>
  </div>
 </body>
</html>
