2750 4840
222 252 289 332 τοο

215 447 291 535 μετά
312 449 367 535 τὴν
392 456 465 535 μίαν
494 447 548 524 τάς
574 448 632 514 δύο
661 451 808 534 τάττομεν
832 448 912 515 κατά
933 447 1099 533 ἀναλογίαν
1126 452 1180 536 τῆς
1207 447 1301 532 διττῖχς

117 596 143 648 p.
158 591 201 644 7⁰·
217 565 389 643 συστοιχίας
409 555 474 622 άπὸ
493 561 566 640 μιᾶς
589 553 771 641 συμφάσεως
793 559 979 644 σχιζομένης,
998 555 1065 622 ἀλλ’
1087 555 1141 623 οὐκ
1164 556 1302 622 άνιιδιαι-

216 670 381 751 ρουμένιχς,
415 661 494 730 άλλά
521 661 578 750 τὴν
606 665 660 748 μὲν
690 665 774 730 οὕτω
802 665 965 730 θέλουσαν
994 670 1027 730 ἐκ
1052 670 1108 731 τοῦ
1133 662 1302 750 ἀπορρήτου

215 774 395 856 προελθεῖν.
422 767 500 839 άλλά
528 776 771 856 καταπινομένην
799 772 851 837 ὑπ’
879 772 982 838 αὐτοῦ
996 777 1024 852 ⁹)
1046 773 1179 856 μᾶλλον·
1202 771 1257 857 τὴν
1274 772 1304 838 δὲ

213 877 277 965 ἤδη
299 885 480 967 προϊοῦσαν,
501 881 551 944 καὶ
573 877 651 972 αὐτῇ
673 881 748 972 μόνῃ
772 884 808 972 τι]
830 875 956 964 χαλάσει
977 881 1243 967 εἰδυπσιηθεῖσαν,
1262 874 1304 944 δτι

214 997 417 1056 συνουσέωται
444 987 527 1082 αὐτῇ
547 984 582 1054 τὸ
603 991 751 1071 προϊέναι.
780 984 900 1053 διὸκαὶ
925 995 1007 1054 αἰτία
1029 994 1106 1054 πᾶσι
1128 995 1229 1077 χέχονε
1249 992 1302 1054 τοῦ

173 1097 176 1104 '
213 1095 351 1171 δπιυςοῦν
377 1091 605 1177 διακρίνεσθαι,
638 1082 734 1179 δι’ςπερ
760 1093 779 1180 ἡ
802 1097 889 1177 ἑτέρα
910 1094 984 1181 duxti
1006 1099 1060 1160 τοῦ
1080 1100 1305 1181 συμπεφυκέναι

214 1214 278 1278 τοῖς
307 1207 428 1276 οἰκείοις
459 1206 581 1275 αἰτίοις·
611 1189 685 1277 dicre
711 1196 836 1266 πάντων
862 1204 1009 1289 ἑκατέρα,
1035 1203 1104 1270 ἄλλ’
1139 1205 1157 1286 ἢ
1176 1207 1231 1289 μὲν
1253 1207 1304 1288 τοῦ

213 1307 312 1376 πάντα
334 1305 538 1392 συμφύεσθαι
559 1304 637 1392 πρὸς
658 1305 799 1392 άλληλα,
820 1307 898 1374 κατά
918 1337 950 1376 τε
972 1309 1090 1388 πλάτος
1112 1317 1165 1379 καλ
1184 1310 1305 1399 βάθος·

195 1416 263 1483 ’διὸ
291 1417 428 1483 καλεῖται
453 1424 485 1482 ἓν
514 1415 590 1483 κατά
619 1413 763 1494 ἔνδειξιν·
792 1416 812 1502 ἡ
844 1417 876 1482 δὲ
898 1421 959 1483 τοῦ
979 1425 1139 1506 πανταχῶς
1158 1421 1306 1506 διακρίνε-

214 1531 295 1592 σθαι
316 1530 368 1592 καὶ
390 1523 535 1600 ὅπωςοῦν.
556 1524 664 1608 μηδεὶς
685 1515 741 1590 οὖν
763 1524 875 1610 λεγέτω
895 1523 950 1610 τὴν
970 1528 1025 1610 μὲν
1046 1528 1144 1615 άρχειν
1165 1535 1224 1598 τοῦ
1246 1531 1307 1596 ἑτέ·

214 1661 270 1719 ρον
291 1643 410 1724 στίχου,
433 1631 491 1721 τήν
511 1633 545 1699 δὲ
566 1635 622 1700 τοῦ
643 1637 756 1721 ἑτέρου,
778 1633 847 1702 ἄλλ’
869 1639 1014 1722 ἑκατέραν
1035 1637 1155 1721 διμφοῑν,
1182 1641 1236 1706 καὶ
1256 1638 1317 1702 σοῦ’

212 1739 271 1826 πρὸ
301 1743 415 1826 ἀμφοῖν
437 1743 590 1838 ἠνυσμένου
620 1743 686 1816 πῶς
710 1745 742 1820 ἐξ
770 1740 897 1827 ἀμφοῖν,
928 1742 982 1824 τὴν
1009 1746 1063 1828 μὲν
1087 1746 1135 1820 ὡς,
1148 1743 1309 1834 πατρικὴν,

211 1851 266 1938 τήν
286 1852 319 1918 δὲ
342 1853 382 1929 ὡς
403 1851 530 1936 ἀτεχνῶς
549 1853 705 1937 μητρικήν.
726 1857 754 1916 εἰ
775 1850 809 1916 δὲ
830 1851 877 1917 δεῖ
896 1858 957 1918 τῶν
977 1851 1227 1942 συνηχοροάντων
1256 1852 1308 1920 λό-

210 1987 272 2046 γων
292 1961 457 2044 ἀφέμενον,
486 1956 561 2031 αὐτὸ
591 1963 668 2024 καθ’
695 1955 771 2024 used
792 1955 827 2024 τὸ
848 1959 992 2044 ἡμέτερον
1016 1961 1190 2042 ἀποδεῖξαι,
1225 1961 1310 2028 καθὸ

209 2073 261 2134 καὶ
288 2065 360 2146 τοὺς
388 2067 501 2144 ἄλλους
530 2066 722 2152 φιλοσόφους
749 2064 887 2148 ἑστάναι,
918 2059 966 2135 δτι
992 2076 1047 2152 μία
1075 2070 1154 2156 μόνη
1177 2074 1232 2137 καὶ
1252 2066 1309 2152 πρὸ

211 2182 335 2245 πάντων
360 2176 433 2264 άρχή
454 2179 506 2242 καλ
525 2177 659 2262 ussaiw)
682 2175 736 2257 τήν
756 2185 829 2260 μίαν
850 2184 882 2244 αἱ
904 2177 960 2244 δύο
981 2184 1100 2261 πέρας
1122 2183 1173 2244 καὶ
1196 2177 1308 2245 άπει-
1340 2183 1342 2188 '

210 2314 297 2372 ρον,
327 2282 448 2368 ἢδπως
475 2283 514 2351 ἄν
539 2313 586 2363 τις
606 2284 702 2362 αὐτάς
722 2284 937 2352 ἐνδείκνυσθαι
956 2282 1099 2373 βούλοιτο
1122 2292 1175 2354 καὶ
1197 2289 1309 2372 διαση-

209 2402 341 2479 μαίνειν,
362 2396 509 2460 ἐντεῦθέν
527 2420 602 2460 ποτε
624 2397 752 2477 ἀρκτέον
772 2397 828 2458 τοῦ
848 2393 951 2480 λόχου.

280 2577 311 2646 9)
330 2575 404 2626 Mon.
423 2593 539 2626 καταπιν.
562 2574 664 2645 μᾶλλον
680 2571 723 2625 ὑπ.
742 2593 767 2624 ιι.

262 2643 404 2765 ¹0i'eliiiii¹
414 2663 529 2782 deariiipue
547 2711 622 2776 loco,
640 2709 868 2778 Unum-Omnis,
892 2719 1020 2782 quamum
1037 2727 1134 2782 purum
1152 2711 1247 2766 Unum
1269 2724 1310 2766 eet

210 2783 292 2850 (Nem
313 2783 413 2834 Omnia
432 2782 581 2850 utrobique
602 2798 654 2901 ppo
675 2780 818 2833 Communi
837 2781 981 2846 adjicitur,
1001 2795 1055 2849 quo
1074 2779 1231 2835 Perfectum
1251 2785 1309 2835 Ab·

209 2853 383 2920 solutumque
407 2851 585 2923 significetur)
629 2867 661 2903 oc
682 2849 895 2903 Unum-Omnia
916 2849 963 2902 uni
982 2848 1062 2900 classi
1081 2850 1215 2904 uniformi
1238 2873 1308 2926 prse-

209 2924 276 2988 erit,
306 2921 437 2987 (vicissim
458 2921 538 2972 alteri
565 2919 678 2987 objectu
696 2920 843 2972 multitudo
862 2919 991 2990 princeps
1010 2919 1149 2988 pressim
1169 2950 1206 2962 -—
1247 2941 1308 2975 nam

209 2991 376 3058 multitudo,
407 3007 459 3042 nou
478 2991 582 3055 forma,
610 2989 774 3060 principium
796 3002 850 3056 εει,
886 3001 913 3040 st
939 3005 992 3040 non
1017 2989 1161 3061 singularis
1182 2993 1310 3062 quaedem

208 3050 366 3132 pioprietiss
386 3072 439 3124 est,
464 3059 512 3110 sed
532 3057 643 3124 Omnia,
672 3076 734 3112 cum
762 3070 879 3131 propter
906 3057 1105 3110 multitudinem
1134 3059 1310 3134 principium

208 3133 250 3196 pit.
291 3129 350 3199 Qus
369 3129 401 3180 de
420 3148 448 3181 re
470 3128 681 3181 Unum-Omnia
699 3129 817 3180 vicissim
836 3129 871 3180 ad
888 3140 1010 3180 naturam
1028 3145 1128 3193 rerum,
1150 3147 1211 3197 quse
1233 3144 1309 3195 sum,

208 3199 332 3253 stabilem
351 3210 376 3250 et
394 3199 553 3252 uniformem
573 3198 656 3270 magis
674 3198 800 3251 adclinst.
839 3199 927 3249 Etiam
947 3198 1044 3267 quide
1064 3195 1230 3258 differentia,
1250 3219 1310 3272 que

207 3271 296 3326 Unum
314 3269 348 3321 sb
367 3268 486 3320 ulunsde
505 3281 646 3338 segregat,
668 3279 881 3332 commentatur,
907 3267 930 3318 is
949 3281 979 3317 ea
998 3284 1055 3336 qum
1076 3267 1246 3337 monuimus,
1267 3291 1311 3323 re.

208 3339 357 3405 cordator3
384 3337 505 3400 scilicet,
533 3355 620 3406 neque
640 3337 775 3389 Unitstem
797 3355 844 3389 seu
868 3335 987 3389 Monada
1016 3354 1101 3406 neque
1125 3336 1219 3390 Unum
1248 3341 1310 3394 illio

207 3423 300 3461 revers
319 3425 392 3472 esse,
412 3406 530 3479 proinde
552 3406 744 3470 differentiam,
769 3423 839 3476 quse
861 3407 888 3456 in
906 3404 1004 3460 citimis
1030 3415 1145 3474 utraque
1162 3422 1310 3482 segreget,

206 3477 265 3530 illic
292 3477 320 3528 in
333 3478 478 3548 'supremis
503 3492 519 3526 s
545 3476 624 3528 nobis
647 3477 830 3546 reponendum
856 3491 907 3526 non
932 3491 1006 3542 esse;
1032 3475 1082 3525 sed
1103 3487 1254 3549 utrumque
1275 3479 1311 3532 sd

204 3545 315 3598 eundem
335 3547 544 3616 quaestionemet
566 3557 749 3616 argumentum
768 3546 897 3598 reducere
917 3545 990 3597 licet.
1021 3544 1073 3614 Qui
1090 3562 1154 3597 vero
1172 3565 1310 3622 progm.

206 3615 311 3668 sionem
330 3616 448 3668 secundo
468 3615 602 3685 principio
620 3614 733 3680 tribuit,
771 3615 987 3684 mansionemque
1012 3627 1068 3666 tum
1093 3619 1123 3666 ed
1142 3627 1198 3666 turn
1221 3619 1308 3670 rebus

205 3687 369 3740 anteriorem
396 3683 561 3736 indefinitam
585 3701 644 3736 esse
668 3685 778 3749 statuit,
808 3684 831 3735 is
859 3684 964 3754 pariter
982 3683 1071 3736 adhuc
1092 3683 1119 3735 in
1139 3688 1309 3739 carceribus

206 3756 348 3806 notionum
367 3754 602 3806 determinaturum
623 3753 773 3818 detinetur,
799 3771 859 3806 cum
878 3755 906 3804 in
925 3753 979 3804 illis
999 3751 1141 3822 principiis
1161 3755 1309 3808 ulteriori-

202 3823 254 3876 bus
279 3825 444 3876 mansionem
469 3836 495 3874 et
520 3823 737 3894 progressionem
757 3823 907 3894 disjungat,
937 3822 1005 3874 sdeo
1025 3840 1078 3875 non
1097 3822 1152 3875 heec
1172 3824 1310 3898 explicet,

206 3912 253 3946 uec
272 3894 299 3944 in
320 3893 500 3944 sinceritatem
519 3892 637 3964 digerat,
658 3909 801 3964 quousque
820 3893 880 3962 ipsu
899 3892 1063 3964 significatio
1081 3892 1214 3961 postulet.
1256 3897 1311 3948 Ve-

204 3981 263 4015 rum
283 3963 411 4015 tamenin
430 3979 540 4032 quoque
560 3962 640 4014 nobis
661 3963 832 4027 consentiet,
858 3962 881 4014 si
899 3963 1031 4015 manabile
1050 3972 1076 4013 et
1094 3967 1325 4033 progressivum

205 4033 353 4086 secundum
374 4031 559 4102 principium,
586 4029 684 4083 stabile
709 4045 806 4086 contre
828 4044 855 4084 et
872 4050 999 4098 manens,
1024 4032 1178 4104 precedens
1197 4034 1312 4104 princi·

203 4101 279 4170 pium
306 4117 451 4166 vocamus,
487 4101 561 4170 φοοδ
591 4100 806 4154 Unum-Omnis
832 4119 994 4173 usurpemus
1025 4119 1087 4174 sqq.
1127 4131 1160 4141 —
1197 4132 1234 4142 -
1276 4135 1310 4144 -

204 4169 233 4223 Si
251 4173 338 4246 igitur
349 4207 362 4237 s
377 4183 511 4242 quatenus
531 4169 621 4223 Unum
639 4187 727 4242 prope
746 4169 887 4223 ineffabile
907 4171 1062 4238 descendit,
1087 4172 1238 4225 descensus
1260 4174 1309 4227 hic
