2770 4840
235 253 301 344 ’τοι
347 249 352 262 ’

180 537 183 541 ,
235 463 360 530 οῦσιον·
389 457 482 527 καλδν
509 461 543 528 δὲ
573 458 650 545 ῦμως
670 467 721 529 καί
742 463 860 530 δίκαιον
881 457 940 542 πρὸ
960 462 1014 523 τοῦ
1037 456 1187 540 εἰδητικοῦ
1209 453 1304 522 τὸἑιί·

235 583 313 638 αῖον.
359 568 448 638 Οῦτω
471 569 505 636 δὲ
525 573 576 636 καὶ
595 575 665 646 νοῦς
687 572 703 634 ὅ
728 568 795 647 ῦλος
817 568 833 634 ῦ
853 569 908 653 μὲν
925 567 1032 646 οῦσία,
1064 565 1083 630 o‘
1106 565 1141 632 δὲ
1161 564 1226 642 ἕνάς
1243 589 1306 646 προ·

235 680 407 767 βαλλομένη
437 675 493 744 τῦν
518 683 592 745 νοῦν
616 684 808 766 χαρακτῆρα·
835 679 887 744 καί
917 675 977 760 ζωὴ
1000 673 1127 761 ὁμοίως,
1155 671 1243 750 οῦτως
1262 669 1293 757 άρ

237 791 288 855 καὶ
318 783 352 853 τδ
384 787 418 852 ὅν
446 790 497 853 καί
519 784 553 853 τδ
574 786 742 874 ἡνωμένον,
770 781 805 852 τῦ
826 786 880 869 μὲν
900 787 982 850 ἐσται
1004 788 1131 863 ἑνιαῒον,
1164 780 1198 849 τῦ
1219 780 1250 848 δὲ
1269 779 1313 846 οῦ-

237 896 359 972 σιώδες·
397 895 463 962 ἀλλ’
493 895 633 978 ἑκάτερον
660 898 762 980 μικτόν
789 920 822 962 τε
849 897 900 959 καί
929 896 962 959 ἐκ
993 890 1155 958 πλειόνων·
1185 888 1269 977 ἡκαί
1287 887 1315 954 τί

211 1003 341 1088 ’μικτόν
361 1001 440 1069 κατά
460 999 514 1089 τὴν
536 999 674 1089 ἰδιότητα
695 1001 802 1088 μόνην,
830 1005 880 1067 καί
908 999 945 1068 τά
966 1005 998 1066 ἐκ
1021 996 1170 1066 πλειόνων
1187 995 1316 1074 οῦςαῦιως.

241 1111 287 1180 Οῦ
307 1106 366 1197 γάρ
394 1107 440 1178 ῦτι
459 1112 552 1178 πλείω
574 1116 648 1178 ἐκεῖ·
675 1119 707 1177 ἕν
733 1110 792 1196 γάρ
820 1107 936 1195 μόνον,
969 1104 1046 1174 ἄλλά
1068 1107 1105 1174 τῦ
1129 1117 1162 1174 ἓν
1182 1103 1257 1173 κατά
1275 1102 1319 1189 τὴν

237 1219 375 1307 ίδιάιιμα
394 1225 454 1286 τῶν
475 1217 630 1286 πλειόνων.
665 1224 728 1285 Καί
756 1221 875 1305 πλῆθος
896 1223 1008 1286 ἕνιαῖον
1028 1216 1069 1294 ὥς
1090 1214 1127 1284 τὸ
1150 1225 1183 1284 έν
1203 1215 1321 1300 ἀριθμοῦ

239 1327 388 1396 ἑκάστου·
412 1325 565 1413 τριαδικῦν
586 1336 636 1409 ἓν,
665 1331 715 1394 καί
739 1328 778 1395 οῦ
801 1325 837 1394 τῦ
852 1331 881 1409 8)
906 1326 1004 1404 ἁπλῶς
1027 1334 1067 1393 ἓν.

319 1435 383 1503 Ἔτι
404 1440 506 1522 μέντοι
527 1442 579 1504 καί
599 1443 655 1506 τοῦ
678 1437 879 1524 άριθμητικοῦ
903 1432 968 1512 ἑνὸς
989 1433 1212 1524 ἁπλούστερον·
1235 1429 1323 1516 έπειδὴ

241 1546 275 1611 δὲ
298 1549 348 1610 καί
370 1547 488 1632 πλῆθος
509 1552 564 1614 τοῦ
581 1547 714 1631 ἀριθμοῦ
736 1543 961 1630 ἁπλούστερον,
987 1539 1031 1610 ῦτι
1051 1549 1100 1609 καί
1123 1549 1155 1611 ἒκ
1177 1540 1323 1611 τοιοῦτον

241 1662 276 1720 ὲκ
295 1651 436 1739 μονάδων
456 1653 514 1739 γάρ
541 1655 662 1721 πολλῶν
686 1653 703 1720 ὁ
735 1635 882 1740 άριίλμός·
915 1649 951 1719 τῦ
975 1652 1008 1718 δὲ
1030 1653 1150 1738 πλῆθος
1170 1657 1203 1731 ἕξ
1227 1648 1327 1720 ἒνάδων

237 1764 489 1849 συμπληροῦσαι·
521 1761 675 1848 πολλοστὴ
708 1763 742 1829 δὲ
772 1763 835 1860 άπὸ
858 1765 911 1847 τῆς
936 1760 1043 1838 ἕνάδος
1068 1759 1088 1847 ἡ
1110 1758 1227 1846 μονάς,
1259 1763 1329 1841 εἴπερ

170 1887 175 1900 “
243 1872 396 1957 τίδητικὴν
417 1869 516 1955 αῦτὴν
532 1868 678 1957 λάβοιμεν
699 1873 750 1936 καί
772 1867 826 1936 τδν
846 1876 913 1936 κατ’
930 1868 1026 1954 αῦτὴν
1045 1869 1185 1954 ἀριθμόν.

331 1977 376 2052 vd
407 1979 462 2063 μὲν
481 1977 518 2063 δὴ
536 1980 563 2054 ⁹)
585 1978 739 2064 ἡνωμένον
764 1981 861 2045 ἐκεῖνο
882 1979 933 2043 καὶ
954 1975 993 2042 τὰ
1013 1978 1107 2042 πλείω
1129 1983 1161 2044 ἓν
1184 1977 1268 2062 αὐτῷ
1291 1977 1332 2039 καὶ

243 2085 279 2152 τῦ
302 2086 405 2169 μικτιίν
424 2083 501 2151 κατά
528 2083 583 2170 τὴν
604 2085 741 2173 ἰδιότητα
764 2084 876 2172 μόνην·
898 2092 950 2151 καί
970 2091 1030 2152 ἐστι
1050 2083 1169 2152 τοιόνδε
1188 2094 1223 2154 ἓν
1244 2092 1333 2168 τρίτον

245 2191 308 2259 άπό
338 2198 393 2260 τοῦ
421 2190 560 2280 πρώτου,
592 2196 643 2258 καὶ
676 2190 727 2260 διά
764 2199 856 2261 τοῦτο
891 2191 990 2276 τριάς,
1026 2197 1077 2258 καί
1106 2191 1157 2258 διά
1180 2197 1274 2260 τοῦτο
1306 2187 1332 2253 τί

245 2295 358 2384 μικτόν.
395 2297 441 2364 Τὸ
471 2299 505 2364 δὲ
527 2295 588 2364 ’Ὁν
607 2295 685 2366 αῦτδ
705 2303 756 2365 καί
781 2306 856 2366 καθ’
878 2299 1044 2366 ῦπῦστασίν
1065 2305 1146 2366 ἐστιν
1172 2301 1334 2386 ἡνωμένον·

246 2408 297 2472 καί
329 2402 368 2470 τά
390 2405 483 2470 πλείω
502 2408 535 2468 ἒν
563 2403 647 2489 αὐτῷ
677 2401 878 2487 διακέκριται,
911 2412 939 2470 εί
966 2404 1006 2490 μὴ
1033 2402 1111 2471 κατά
1135 2409 1175 2487 ¹⁰)
1206 2404 1337 2490 ἀριθμὸν,

247 2511 324 2580 ἀλλά
348 2511 425 2577 κατά
451 2514 585 2598 πλῆθος,
613 2511 633 2599 ἢ
658 2509 699 2598 μὴ
727 2517 778 2579 καὶ
805 2509 841 2578 τῦ
871 2513 1080 2599 διερριμμένων
1105 2513 1183 2580 α’λλά
1216 2513 1255 2583 τῦ
1272 2523 1343 2599 συμέ

246 2622 381 2705 πεφυκὸς
406 2625 439 2688 ἐν
464 2621 548 2708 αὐτῷ
572 2625 622 2688 καί
647 2621 799 2708 ἡνωμένον
819 2622 953 2709 άτεχνιῖις.

323 2731 401 2800 Ἀλλ’
425 2737 452 2796 εί
473 2733 565 2797 πλείω
585 2734 636 2797 καί
664 2729 798 2808 ὁπωςοῦν
818 2737 979 2799 ἐπινοεῖται
1006 2739 1154 2812 ἕκαστον,
1181 2739 1213 2799 τί
1236 2731 1342 2819 α’ίνείης

248 2838 341 2924 μονάς
367 2837 502 2924 μὲνγὰρ
525 2837 582 2904 οῦκ
605 2834 644 2902 ίίν
676 2839 739 2924 εἴη,
769 2831 815 2904 δτι
844 2839 1011 2926 μεμὸνωται
1039 2845 1080 2915 εἰς
1108 2839 1141 2906 δὲ
1174 2839 1231 2906 τὸν
1255 2841 1341 2926 διορι-

249 2949 339 3032 σμόν·
378 2947 510 3034 τιτανικὴ
533 2945 591 3032 μὰρ
610 2973 672 3024 ποις
695 2945 716 3032 ἡ
737 2945 848 3032 μονάς·
889 2949 947 3013 τῶν
974 2946 1009 3012 δὲ
1027 2952 1089 3013 ἐκεῖ
1107 2946 1256 3015 πλειόνων
1280 2956 1343 3014 ἕκα-

251 3070 324 3124 στον
347 3054 419 3123 οῦδὲ
446 3062 575 3123 ἕκαστον
602 3055 678 3121 εἶναι
705 3054 848 3142 βούλεται
885 3054 962 3122 ἄλλά
986 3059 1036 3121 καὶ
1063 3055 1102 3121 τά
1132 3053 1212 3123 ἄλλα
1240 3057 1345 3153 πάντα,

251 3165 373 3250 μᾶλλον
386 3162 420 3228 δὲ
437 3169 469 3229 ἕν
491 3163 559 3230 ἀντὶ
579 3159 739 3243 ἁπάντων,
765 3161 842 3229 ἀλλά
859 3163 897 3229 τά
917 3161 1018 3229 πάντα
1032 3167 1221 3256 συνῃρηκός·
1245 3168 1347 3249 πριῦτα

252 3271 310 3356 γὰρ
335 3275 432 3335 ἐκεῖνα
462 3266 599 3354 κέρματα
617 3298 672 3336 του
698 3271 780 3350 ἑνὸς,
803 3274 854 3336 καί
874 3269 925 3336 διά
946 3275 1039 3338 τοῦτο
1061 3276 1230 3358 περιέχεται
1256 3273 1349 3348 εῦθῦς

255 3385 305 3466 τὴς
324 3378 454 3456 ἑνώοεως
475 3383 526 3444 καί
545 3377 712 3462 συμφύεται
735 3385 763 3444 εί
784 3381 870 3461 θέμις
894 3384 990 3444 εἰπεῖν
1012 3375 1142 3463 πρὸτῆς
1162 3379 1348 3465 διακρίσεως·

255 3489 354 3556 ὠδίνω
369 3486 428 3574 γάρ
449 3484 544 3570 μόνον
567 3485 679 3572 αῦτὴν,
702 3489 752 3552 καί
773 3484 866 3554 τοίίτό
885 3490 965 3554 ἐστιν
990 3483 1009 3571 ἡ
1030 3478 1085 3570 ῦλη
1106 3489 1166 3552 τῶν
1186 3492 1253 3554 ἐκεῖ
1272 3491 1350 3556 πλει-

257 3595 332 3662 δνων
355 3591 508 3679 διάκρισις.
761 3605 764 3614 ’

155 3725 243 3798 Μ5,
333 3693 402 3786 Ϊίρα
432 3695 487 3768 οῦν
513 3705 556 3767 έτι
585 3708 634 3785 ένς
662 3704 713 3766 καὶ
741 3698 796 3767 οῦκ
817 3696 877 3784 άρα
901 3727 950 3765 ποι
972 3698 1150 3784 ἡνωμένον,
1170 3698 1192 3787 ἡ
1216 3701 1299 3769 αὗτό
1320 3702 1352 3767 τὸ

180 3809 200 3818 ”
256 3812 408 3897 ἡιοιμένον
423 3807 450 3896 ἡ
470 3816 532 3877 τοῦ
549 3809 616 3888 ἑνὸς
639 3810 709 3886 ὦδίς
732 3815 813 3878 ὲοτιν
835 3816 877 3886 τίς
898 3807 1058 3891 διάκρισιν,
1091 3818 1142 3875 καί
1162 3815 1245 3876 ἐστιν
1268 3813 1355 3879 οῦδὲν

326 3953 354 4016 8)
375 3953 450 4004 Mon.
477 3956 521 4005 καὶ
546 3953 612 4006 οῦτοι
634 3954 721 4015 ίιιιλιῦς
740 3956 774 4009 ἓν.
804 3955 840 4007 Et
858 3962 906 4025 μέν
923 3979 958 4008 τι.
989 3956 1062 4008 Idem
1082 3923 1272 4020 νοσαίέπειδὴ
1291 3953 1316 4003 δ.
1334 3968 1354 3998 κ»

256 4027 298 4078 αλ.
318 4045 339 4074 τ.
362 4043 386 4074 ιι.
407 4022 583 4094 ἁπλούστερον
600 4027 704 4094 οοιίεἰι;
736 4027 854 4097 itemque
873 4033 898 4077 ἐκ
918 4038 979 4079 ante
997 4027 1120 4095 μονάδων
1139 4044 1193 4078 non
1212 4024 1306 4077 habet.

326 4103 358 4163 9)
379 4093 451 4146 Mon.
467 4094 495 4144 δὲ
511 4107 536 4145 et
554 4093 626 4148 infra
636 4097 687 4164 μιαί
705 4096 749 4146 διίι
767 4100 846 4147 τοῦτο
864 4098 958 4163 μικτὸν
977 4097 1034 4146 sine
1054 4107 1105 4147 art.
1127 4094 1159 4147 τὸ
1176 4107 1236 4146 ante
1256 4089 1356 4163 μικτὸν.

313 4171 357 4224 ιο)
378 4163 450 4213 Mon.
471 4167 494 4214 ιλ
511 4163 548 4231 μὴ
569 4165 696 4217 καὶκατὰ
698 4202 773 4219 .....
788 4166 848 4218 τάδε
867 4165 1059 4238 διιρᾇμμένον.
