2824 4838
262 266 332 319 xv!

336 443 453 545 vlu)
483 445 654 545 Denique
687 446 728 522 in
758 445 982 547 Anthologia
1013 443 1184 524 Palatina
1217 451 1242 522 l.
1258 447 1350 530 *vn

264 565 336 640 No.
354 572 428 642 55³
442 592 480 668 p.
500 574 572 644 475
588 566 673 644 Vol.
694 569 716 644 l
737 569 795 644 ad.
815 569 962 644 Jacobs.
979 578 1101 646 exstat
1115 570 1351 670 Epigramma

265 695 499 788 Δαμασκίου
524 692 752 791 φιλοσόφου
775 691 863 767 hoc:

333 815 510 912 Ζωσίμη,
536 813 558 905 ἦ
583 819 675 912 πρὶν
698 816 819 888 ἐοῦσα
843 814 954 915 ,αόνῳ
980 817 1030 913 τῷ
1058 810 1208 912 σώματι
1228 812 1349 905 δούλη

386 943 456 1013 καὶ
481 939 529 1036 τῷ
557 935 709 1032 σώματι
735 939 809 1010 νῦν
833 929 943 1036 εὗρεν
968 938 1203 1036 ἐλευθερίην.

264 1056 323 1130 Dc
349 1060 447 1156 stylo
471 1057 658 1135 Damascii
689 1069 808 1153 recte,
842 1054 1010 1158 quamvis
1041 1060 1152 1159 paulo
1185 1057 1352 1134 acerbius

222 1263 225 1276 ‚
256 1177 402 1278 judicat
420 1179 579 1256 Phocus
598 1183 648 1269 ιι.Ι
664 1183 703 1257 ιι.
726 1208 764 1287 p,
792 1188 862 1255 311
889 1189 927 1254 et
951 1207 989 1280 p.
1016 1170 1355 1262 coactoque

263 1297 344 1402 ejus
370 1303 623 1403 philosophica
644 1304 787 1378 ratione
810 1304 874 1379 alii
892 1303 978 1397 alia,
998 1314 1036 1378 et
1055 1304 1207 1396 mirum,
1234 1327 1352 1402 quan-

157 1507 158 1512 ,
262 1436 342 1500 tum
376 1426 558 1501 contraria
586 1424 730 1526 judicia
767 1425 899 1501 ferent.
960 1425 1160 1523 Utcunque
1192 1425 1239 1499 de
1271 1422 1355 1526 ejus

262 1548 382 1648 pretio
424 1546 674 1642 existimatur,
714 1549 783 1626 hoc
818 1557 959 1624 certum
1003 1557 1076 1640 eat,
1116 1547 1352 1624 Damascium

146 1669 148 1676 '
260 1694 472 1769 graecorum
498 1669 800 1769 philosophorum
834 1669 1001 1746 ultimum
1035 1671 1167 1763 fuisse,
1201 1669 1266 1768 qui
1290 1695 1353 1744 so-

261 1793 507 1878 lertiratione
523 1801 561 1866 et
574 1785 778 1867 admirabili
802 1778 1003 1868 eubtilitate
1025 1818 1203 1868 summam
1230 1817 1355 1867 rerum

263 1916 307 1990 ab
327 1938 402 1991 uno
419 1915 602 2014 principio
620 1939 761 1988 summo
784 1912 965 1988 deducere
988 1893 1208 2004 tentaverit3
1236 1937 1355 2011 eaque

261 2040 307 2112 de
338 2062 446 2113 causa
477 2037 627 2136 dignum
659 2041 755 2130 esse,
786 2035 851 2135 qui
883 2037 1045 2136 legatur,
1073 2048 1117 2111 ut
1149 2035 1351 2128 videamus,

262 2184 453 2261 quousque
472 2159 570 2236 ¹ratio
595 2159 778 2252 humanm·
794 2158 856 2234 vie
880 2185 902 2234 a
925 2156 1256 2256 Platonealiisque
1282 2183 1349 2231 re-

260 2285 400 2358 teribus
424 2281 652 2382 philosophia
675 2281 833 2375 munita,
863 2280 1028 2380 potuerit
1054 2282 1137 2391 sive!
1165 2280 1351 2380 progredi,

250 2406 340 2483 ‘sive
363 2406 481 2482 mavis
504 2406 683 2480 aberrare.
720 2403 870 2478 Etenim
895 2421 998 2478 error
1022 2427 1169 2502 quoque
1194 2402 1350 2476 alterius

261 2553 330 2602 nos
355 2527 535 2626 corrigere
569 2535 607 2598 et
638 2525 677 2600 in
690 2517 695 2534 “
710 2533 846 2600 rectam
881 2526 981 2600 viam
1014 2525 1189 2600 reducere
1224 2532 1350 2623 potest

261 2651 370 2724 Certe
387 2650 534 2750 quidem
553 2648 769 2722 Damascius
787 2668 853 2721 suo
871 2649 1041 2747 exemplo
1067 2648 1217 2746 probat,
1243 2669 1355 2743 quam

198 2819 202 2837 ι
260 2771 390 2847 verum
409 2772 485 2846 sit:
515 2769 736 2845 Pectuot
680 2779 736 2845 est
742 2771 877 2868 ‚quod
901 2747 1139 2871 philosophae
1163 2769 1265 2845 facit.

258 2986 327 3028 πους
345 2977 431 3021 ποιεῖν
446 2962 487 3020 ἐπ’
511 2962 599 3035 αὐτῷ,
628 2961 728 3025 ὕπνους
756 2965 964 3048 διακόπτοντες,
990 2964 1049 3036 μήτ’
1075 2961 1145 3019 ἄλλο
1171 2986 1195 3019 τι
1219 2962 1354 3019 τοιοῦτον

261 3035 348 3090 Ταῦτα
372 3036 424 3120 peip
450 3034 537 3122 rqiero
564 3023 669 3102 σφόδρα
686 3035 823 3118 πεφύκασι
841 3035 873 3120 τῇ
894 3030 970 3106 υγειά
988 3037 1115 3102 moitura.
1146 3033 1356 3096 Ἒξωθενδὲ

258 3107 327 3172 λέγει
346 3106 393 3166 τάς
412 3123 438 3156 τε
456 3102 576 3184 viatore,
586 3103 614 3157 ἐν
631 3103 675 3164 αἶς
693 3100 770 3164 ὄντες
788 3104 965 3171 τυγχάνουσιν
987 3101 1016 3156 οἱ
1038 3106 1202 3171 πάσχοντες,
1231 3105 1278 3163 τοὶς
1304 3109 1358 3169 μὲν

257 3178 428 3258 ψυχροτέρας
444 3173 524 3254 τυχόν
542 3168 641 3238 οὔσας,
663 3171 709 3231 τὰς
728 3177 761 3225 δὲ
779 3174 964 3240 θερμοτέρας·
990 3177 1033 3224 καὶ
1051 3173 1098 3233 τοὶς
1117 3172 1168 3228 τῶν
1170 3173 1271 3253 αέρων
1288 3175 1355 3241 apoi-
1399 3181 1400 3184 ’

258 3258 320 3303 σεις.
349 3243 387 3296 Εἰ
404 3243 469 3310 γοῦν
486 3239 592 3295 ἅπαντα
604 3259 708 3326 ταυτα,
727 3246 813 3321 φησὶ,
834 3241 1003 3310 συντηρήσεις
1016 3247 1062 3294 καὶ
1075 3238 1195 3328 α’κριβῶς
1210 3241 1354 3310 φυλάξεις,

258 3309 312 3364 οὔτ’
329 3311 376 3379 ἐμὲ
400 3312 564 3376 ψευδόμενον
586 3306 624 3370 εἰς
643 3306 721 3362 ουόὲν
745 3329 828 3395 ευρῃς
853 3311 925 3380 (cic)
949 3314 994 3362 καὶ
1018 3311 1063 3364 τὸν
1088 3308 1254 3365 ἅσθινούντα
1282 3311 1356 3363 πάνυ

257 3383 431 3465 θεραπεύσεις
446 3382 556 3446 ταχέως.
582 3376 724 3446 ‘Iarion‘
709 3398 750 3431 οτι
766 3380 797 3432 τό
811 3397 899 3462 παρον
916 3379 1063 3463 προοιίιιον
1079 3377 1095 3433 o'
1112 3377 1283 3448 Ἰπποκρά
1293 3397 1357 3447 της

255 3469 295 3535 εις
312 3450 361 3504 δυο
379 3449 435 3518 ειδη
453 3449 569 3514 λογων
555 3467 643 3514 arcae
661 3467 742 3516 μεχρι
760 3465 878 3529 μινγαρ
889 3465 954 3500 του
974 3445 1044 3516 ηδε
1057 3451 1355 3534 κρισιςχαιετη
1399 3499 1400 3502 ,

257 3517 432 3606 α’φορισιικος
454 3521 499 3570 καὶ
518 3515 576 3572 οἷον
593 3511 820 3577 διδασκαλικός
804 3536 820 3568 o
840 3512 923 3585 λόγος
941 3515 1026 3571 ἐστιν
1044 3517 1099 3572 υὶπό
1116 3521 1145 3572 δὲ
1164 3535 1226 3571 roo·
1246 3522 1302 3569 δεῖ
1317 3521 1356 3571 δε

256 3607 316 3640 και
333 3588 373 3640 roi
391 3589 487 3657 ἑξῆς,
508 3587 737 3655 συμβουλευτικός
755 3587 836 3654 μέχρι
853 3586 920 3639 τοῦ·
938 3591 994 3639 καὶ
1012 3607 1052 3640 τα
1050 3587 1211 3646 ἔξωθεν.

205 3657 206 3660 ’
325 3658 379 3710 Hic
396 3657 594 3710 commentandi
607 3656 703 3708 modus
720 3672 785 3707 cum
803 3655 912 3708 ratione
930 3655 1155 3725 interpretandi
1146 3673 1175 3710 ιιι
1193 3657 1357 3710 continuato

256 3727 351 3781 Procli
377 3726 577 3780 Commentario
608 3723 720 3797 egregie
751 3725 897 3806 congruit3
934 3735 1058 3780 nostrum
1084 3744 1149 3779 vero
1177 3726 1356 3780 Damascium

255 3797 346 3849 minus
364 3799 461 3858 refert,
478 3804 510 3849 nt
526 3796 610 3849 facile
632 3794 666 3847 ad
690 3793 885 3859 auspicandum
910 3795 1067 3859 inducaris,
1090 3797 1156 3849 istos
1180 3799 1356 3849 Commenta

256 3866 312 3918 rios
329 3869 416 3920 nostri
439 3866 579 3918 Damascii
596 3879 649 3915 non
667 3879 733 3916 ease.
770 3863 803 3914 V.
821 3863 865 3915 cl.
884 3863 1077 3920 Boissonade'
1069 3884 1098 3918 ιιι
1115 3866 1188 3918 notia
1206 3867 1241 3918 cd
1266 3863 1356 3916 Mari-

255 3954 356 4004 nump
359 3936 435 3989 ,144
452 3935 626 3989 Damascium
643 3931 851 4002 Epigrammata
868 3933 959 3986 ditare
974 3937 1052 3997 vult,
1076 3951 1130 4003 quo
1147 3935 1246 3988 Noster
1263 3933 1373 3990 facilc¹

255 4007 375 4068 carebit,
393 4005 466 4059 idem
479 4003 589 4058 exstat'
581 4021 610 4055 ιιι
621 4002 705 4058 Anah
719 4001 811 4054 Polat.
831 4003 852 4052 1.
869 4001 896 4055 9.
916 4001 966 4056 No.
984 4003 1036 4058 196
1053 4009 1082 4066 et
1099 4003 1150 4057 ltu
1167 4005 1203 4056 Τ
1221 4004 1293 4070 le
1306 3999 1355 4053 ru.

257 4076 299 4127 ed.
318 4077 426 4130 Jacobs.

695 4159 922 4195 εει-ΕΞ
989 4177 991 4182 -
1064 4163 1068 4174 ·
