2770 4840
234 289 305 354 21ss

231 466 295 554 6¹)
320 468 416 557 μηδὲν
444 470 707 553 αὑθυπόστοτον,
739 473 760 558 ἢ
789 473 865 561 μετά
888 472 924 542 τὸ
952 471 1053 561 πάντη
1078 472 1134 561 τήν
1159 472 1319 544 ὑπόστασιν

231 575 399 669 ἐκβεβηκὸς
426 580 466 656 ὥς
492 580 637 668 μηδαμῶς
666 582 831 666 ὑφεστάναι
859 583 938 670 μήτε
966 583 1020 652 ὑπ’
1048 582 1147 652 ἄλλοι
1171 583 1246 671 μήτε
1271 584 1319 668 ἀφ’

231 694 362 771 ἑαυτοῦ,
380 686 416 756 τὺ
437 693 590 777 ἑτέρωθεν
613 689 816 774 ὑφιστάμενον
837 689 992 776 θήσομεν·
1014 696 1066 760 καὶ
1088 690 1123 760 τὺ
1144 692 1195 777 ὑφ’
1215 697 1321 760 ἑαυτοῦ

231 798 450 887 ὑποβλέφσμεν
470 803 564 883 μέσον
583 825 617 884 γε
639 795 674 865 ὄν
695 805 731 887 τῇ
749 804 866 866 ἑαυτοῦ
887 797 995 883 φάσει,
1016 801 1155 890 καθάπερ
1174 801 1211 868 τὺ
1228 800 1319 868 αὑτο-

230 916 353 994 κίνητον
382 908 438 974 τοῦ
458 905 604 991 ἀκινήτου
624 934 657 973 τε
689 911 740 974 καὶ
760 908 970 997 ἑτεροκινήτου
989 913 1082 994 μέσον
1104 909 1319 996 ὃμολογοώμεν.

229 1021 270 1082 Εἰ
291 1014 348 1102 γάρ
366 1043 400 1082 τι
419 1015 471 1083 καὶ
492 1017 644 1102 ἑτέρωθεν
663 1013 868 1100 ὑφιστάμενον
888 1030 1023 1102 κρεῖττον
1050 1023 1106 1086 τοὺ
1128 1017 1180 1101 ὑφ’
1201 1019 1320 1090 ἑαυτοῦ,

228 1120 295 1188 ἀλλ’
316 1125 384 1189 ἔστι
403 1147 433 1187 τι
447 1123 494 1202 ²),
516 1118 535 1189 6
556 1123 609 1188 καὶ
628 1135 744 1208 χεῖρον,
765 1114 840 1211 ὑπερ
859 1127 913 1190 ἐπὶ
933 1125 994 1190 τών
1016 1123 1227 1209 σωματοειὺών
1248 1123 1321 1212 άλη-

227 1229 404 1306 θὲςεῑπεῖν.
436 1235 495 1296 Δεῖ
514 1227 549 1296 δὲ
569 1228 647 1295 εἶναι
667 1226 703 1296 τὺ
724 1229 817 1311 φάσει
839 1243 982 1318 κρεῖττον,
1003 1232 1088 1318 εἴπερ
1103 1234 1154 1298 καὶ
1167 1227 1204 1298 τὺ
1213 1242 1318 1320 χεῖρον.

303 1329 385 1404 Ἀλλ’
405 1333 455 1405 ὅτι
473 1339 530 1422 μέν
550 1339 616 1404 ἔστι
636 1336 674 1404 τὺ
693 1336 1026 1419 σὺθυπὸστατον,
1058 1342 1111 1408 καὶ
1131 1330 1232 1415 αὖθις
1255 1343 1319 1406 ε’πι-

227 1446 392 1532 ζητήσομεν
412 1445 546 1523 τοῦτό3)
572 1470 606 1511 τε
634 1447 687 1512 καὶ
709 1439 727 1512 ‘6
756 1472 790 1512 τε
810 1443 950 1534 τυγχάνει
971 1445 1020 1528 ὃν,
1041 1449 1093 1514 καὶ
1114 1449 1191 1514 καθ’
1211 1445 1251 1532 ἣν
1272 1452 1319 1514 έκ-

225 1559 364 1636 φιιένετσι
382 1550 476 1634 τάξιν.
529 1556 634 1622 Τοῦτο
662 1549 700 1634 δὴ
728 1542 782 1620 οὑν
809 1551 845 1619 τὸ
865 1549 957 1620 έαυτὸ
977 1554 1165 1638 ὑφιστάνειν,
1182 1560 1318 1642 ἐπιστρέ-

223 1667 346 1746 φεσθαέ
362 1665 444 1730 ἐστιν
464 1659 542 1729 αὑτά
563 1657 640 1747 πρὺς
659 1661 753 1728 ἑαυτὸ
776 1661 843 1730 κατ’
866 1661 988 1729 οὐσίαν·
1009 1667 1097 1730 ἔσται
1116 1662 1175 1750 ἄρα
1196 1664 1249 1729 καὶ
1266 1663 1320 1730 66-

223 1772 320 1850 τόζων
346 1769 424 1840 κατὰ
449 1767 503 1848 τάς
523 1766 624 1846 αὑτάς
644 1775 759 1850 atriae,
787 1763 861 1852 ὑπερ
888 1767 979 1836 ἑαυτὺ
1003 1773 1140 1848 ζωσιτοεῖ.
1179 1772 1247 1866 Kal
1270 1771 1321 1856 οὑχ

114 1919 117 1926 ·
142 1910 205 1968 pag.
223 1882 375 1968 ἑτέρωθεν
394 1880 486 1965 μόνον
504 1876 621 1965 δέχεται
643 1879 698 1964 την
720 1875 810 1965 ζωὴν,
830 1878 911 1946 ἀλλά
928 1875 1006 1968 πρώς
1026 1880 1080 1965 μὲν
1100 1877 1195 1947 ἑαυτά
1215 1885 1320 1948 τοιαῦ-

146 1977 199 2037 ¹²9·
222 2017 263 2056 τα
283 1985 487 2058 ἐπιδείκνυται
508 1982 564 2064 τάς
584 1997 664 2072 τρεῖς
684 1981 882 2070 ἐπιστροφάς·
904 1985 979 2074 πρὸς
995 1985 1029 2052 δέ
1051 1983 1087 2052 τὺ
1104 1991 1225 2074 πρώτον
1235 1993 1320 2074 πῶς

222 2093 373 2183 γνωστική
402 2096 458 2180 μέν
483 2091 543 2181 γάρ
572 2100 616 2171 εἰς
643 2099 738 2161 ἐκεῖνο
768 2093 938 2192 ἐπιστροφή
963 2097 1019 2161 τοὺ
1046 2102 1147 2180 τρίτου
1176 2104 1320 2184 γίγνεται,

223 2197 272 2272 ὅτι
284 2206 313 2282 ⁴)
342 2202 498 2290 γιγνώσκει
525 2207 636 2274 έκεῖνο·
669 2198 778 2286 ζωτικὴ
804 2200 840 2268 δέ
866 2229 935 2270 τινα
960 2200 1094 2288 τ’ρὺπον,
1118 2199 1139 2288 ἢ
1166 2201 1320 2289 οὑσιώὺης

222 2313 299 2402 τάχα
326 2315 498 2398 σαφεστέρα
518 2317 730 2396 προφαίνεται.
762 2314 827 2378 Καὶ
847 2307 905 2396 γάρ
924 2312 1065 2396 ἐλέγομεν
1086 2316 1117 2380 ἐν
1137 2324 1203 2388 τοῖς
1223 2313 1319 2401 πρός-

221 2433 296 2503 θεν,
321 2417 372 2488 ὑτι
396 2427 496 2507 τρίτον
522 2414 626 2504 ἐπειδὴ
652 2417 818 2505 ’προῆλθεν
844 2423 897 2487 καὶ
918 2422 991 2490 καθ’
1012 2419 1103 2488 ἑαυτὸ
1122 2427 1245 2507 γέγονεν
1267 2425 1320 2488 καὶ

221 2522 293 2619 ὑρον
322 2533 406 2617 ἔσχεν
434 2529 487 2615 ἀφ’
514 2531 626 2596 ἑαυτοῦ
653 2525 708 2594 τὸν
740 2534 864 2610 οἰκεῖον,
882 2524 978 2596 ὀὑτω
1009 2533 1107 2616 τούτῳ
1140 2529 1319 2617 ἐπεστράφη

219 2641 297 2726 πρὸς
317 2637 351 2708 τὺ
370 2644 505 2727 πρώτον,
525 2637 600 2704 ἄλλο
621 2641 744 2704 τοιοὺτο
764 2635 887 2724 γεγονὸς
907 2643 939 2706 έν
959 2639 998 2727 τῇ
1015 2645 1099 2734 τρίτη
1122 2637 1221 2720 τάξει,
1253 2641 1321 2708 οἷον

220 2753 252 2816 έν
271 2753 309 2844 τῇ
328 2747 434 2846 πρώτη
454 2753 561 2827 ἐκεῖνο,
583 2746 649 2813 οἷον
669 2746 709 2822 ώς
724 2751 819 2813 έκεῖνο
839 2745 883 2813 τὸ
906 2743 926 2813 6
931 2774 947 2814 ν
968 2737 1091 2828 ἅπλῶς,
1114 2751 1207 2813 τοῦτο
1229 2753 1321 2826 νοῦς

218 2859 338 2938 ἅπλῶς·
360 2862 413 2925 καὶ
446 2859 486 2936 ὡς
508 2858 602 2924 ἐκεῖνό
625 2882 657 2943 γε
689 2855 780 2924 οὑσίοι
811 2855 963 2941 ἡνωμένη,
1000 2848 1098 2933 οὑτως
1122 2861 1217 2922 τοῦτο
1246 2863 1321 2936 νοῦς

219 2973 437 3064 συνηρημένος,
467 2967 516 3032 οἷα
536 2961 676 3053 προςήκει
696 2969 738 3050 τῷ
759 2969 802 3050 νῷ
822 2971 1006 3051 συναίρεσις,
1026 2963 1084 3050 οὐχ
1104 2970 1154 3030 οἵα
1171 2969 1216 3051 τῷ
1238 2963 1317 3034 ὄντι.

216 3074 333 3160 Διόπερ
360 3082 404 3152 εἰς
424 3066 497 3160 ’ὑρον
515 3069 614 3162 ἐμβάς
637 3069 691 3140 τὺν
717 3080 827 3138 οἰκεῖον
848 3072 865 3136 6
885 3076 960 3147 νοῦς
984 3069 1124 3158 ᾠκειώθη
1142 3077 1185 3158 τῷ
1205 3076 1320 3162 πρώτῳ

217 3184 338 3254 πάντων
368 3175 428 3272 ὑρῳ
459 3187 595 3270 φανέντι.
623 3175 701 3267 αὑτη
727 3181 782 3266 μὲν
808 3170 862 3250 οὑν
882 3181 902 3268 ἡ
924 3172 990 3246 κάτ’
1018 3181 1123 3276 οὑσέαν
1144 3181 1320 3270 ἐπιστροφὴ

216 3299 277 3362 τοῦ
295 3297 351 3362 νοὺ
371 3290 450 3380 πρὺς
470 3291 507 3360 τό
529 3290 581 3358 ὅν·
608 3319 628 3378 η
615 3289 691 3366 66
712 3317 814 3358 κατα
802 3288 934 3376 ’ζωήν
953 3297 999 3366 τίς
1020 3285 1058 3356 ἂν
1078 3288 1187 3375 εἴη;’
1163 3319 1183 3378 η
1208 3291 1319 3375 ἐπειδη

216 3400 292 3487 μετὰ
312 3401 350 3468 τό
369 3425 405 3468 ον
423 3429 445 3488 η
471 3397 531 3484 ζωη
552 3400 604 3466 καὶ
623 3395 736 3484 άμεσος
759 3425 779 3524 η
800 3396 875 3482 πρὸς
895 3393 931 3464 τὺ
953 3395 988 3465 ὅν
1006 3398 1061 3492 τῆς
1082 3400 1158 3484 ζωης
1176 3399 1316 3527 συναφὴ,

216 3510 253 3578 τὺ
281 3512 453 3588 ζωτικώς’
438 3505 694 3592 επιστρεφόμενιν
720 3504 797 3591 πρὸς
823 3501 862 3573 τὸ
890 3505 939 3586 ὅν,
972 3511 1016 3583 εἰς
1041 3504 1097 3592 τὴν
1124 3502 1201 3592 πρός
1234 3500 1317 3574 αὑτά

216 3645 358 3706 συνσφην
387 3622 502 3704 ἐκείνην
530 3620 696 3702 ἐπείγεται,
721 3641 761 3700 ην
787 3613 865 3699 προς
885 3613 963 3683 αὐτὸ
991 3640 1142 3701 συνηπται
1168 3613 1231 3702 πρὸ
1254 3621 1319 3684 τών

287 3775 409 3844 ι)Μοο.
429 3777 453 3828 6
470 3775 561 3861 μηδὲν.
605 3774 728 3843 Uterque
754 3771 789 3826 ad
812 3789 897 3846 marg.
910 3773 972 3827 Ὅτι
989 3770 1042 3826 κατ’
1063 3771 1154 3826 σὺσίαν
1170 3773 1203 3827 τὸ
1221 3775 1318 3828 ‹666-

213 3846 344 3900 πάστοιτσν
362 3845 426 3918 πρὸς
445 3843 522 3898 ἑαυτὸ
540 3848 692 3930 ἰπιστρεφει.
712 3843 776 3895 Mox
794 3843 872 3898 Mon.
891 3843 1071 3914 ὑποκλέφσμεν
1089 3849 1178 3913 μέσον.

283 3920 313 3984 κ)
335 3917 411 3971 Mon.
430 3914 484 3968 ἀλλ’
505 3919 560 3968 έοτι
576 3936 603 3968 τι
621 3914 651 3966 ὃν
670 3915 754 3979 καὶχ.

281 3986 312 4054 5)
332 3987 407 4040 Mon.
433 3988 483 4038 τοὺ
510 3984 581 4041 τότε.
614 3985 635 4036 l.
658 3985 738 4036 τοῦτο
765 4003 804 4052 γε
832 3980 921 4036 Idem:
942 3980 974 4034 τὸ
991 3981 1113 4036 {avrofe‘
1101 3999 1189 4052 υφιστ.
1209 3987 1312 4055 ὶπιστρ.

212 4055 277 4110 αὑτὸ
295 4062 358 4111 ἐστι.
381 4073 443 4110 mox
459 4054 563 4108 idem
549 4076 601 4126 αρα
619 4055 728 4108 omittit

281 4132 310 4194 6)
330 4129 405 4182 Mon.
433 4124 495 4177 ὅσον
520 4145 586 4196 γιγν.
623 4122 762 4179 Postea
749 4145 790 4177 οτι
813 4123 845 4175 τὸ
868 4125 1009 4194 τρέτον..
1017 4133 1063 4176 .εε
1090 4121 1128 4192 ὑφ’
1154 4122 1251 4176 ἑαυτοῦ
1268 4121 1315 4174 τὸν

215 4201 302 4252 οἰκ...
314 4196 460 4251 anfra
439 4196 490 4248 οέσ.
