2798 4834
249 253 319 316 310

188 489 190 495 .
248 434 308 510 ἐξω
333 429 510 514 συνώνυμος
539 422 634 508 οότως
662 431 788 498 ἀκοῦσαι
818 437 878 498 τῦν
909 430 1011 498 αῦτοῦν
1042 426 1197 514 ὀνομάτων
1224 455 1256 494 τε
1285 431 1329 493 καί

249 539 442 624 πραγμάτων.
466 534 489 623 ίχ
506 561 557 602 τοι
575 526 629 602 οῦν
651 528 732 604 οὕτω
753 543 870 623 ῥητέον,
890 535 911 624 ἦ
930 536 1121 624 χαλάσαντος
1140 545 1172 604 Ιτι
1192 537 1329 622 τηςπολ-

250 646 307 731 λης
326 646 442 730 ταύτης
462 647 591 720 ἕντῦσεως
612 647 706 711 ἐκεῖνο
726 643 782 731 χρὴ
805 649 934 724 ἐννοεῖν,
954 641 1011 712 ότι
1031 651 1095 722 πᾶς
1115 643 1228 729 κόσμος
1247 639 1330 717 αῦτός

253 755 285 817 ἐν
305 753 406 834 ἑαυτοῦ
426 747 592 837 προελθών
613 742 787 836 όίχριςόσου
807 751 934 836 πεφόκει
953 754 1103 837 προϊέναι,
1122 753 1225 816 ἔπειτα
1245 749 1333 835 χώραν

254 859 447 933 ὑποστάσεως
468 861 633 943 παρέσχετο
654 860 697 942 τῷ
715 862 779 942 μετ’
801 857 918 938 αὐτόν,
955 858 1055 925 οῦκίτι
1081 859 1115 925 δὲ
1135 861 1188 924 καί
1209 863 1252 934 εἰς
1271 860 1361 954 τοῦ·ι

254 987 308 1028 τον
334 960 425 1039 αὐτός
454 966 681 1050 καταβέβηκεν,
716 965 782 1031 οἷον
811 965 828 1031 ὃ
858 967 912 1050 τῆς
939 967 1071 1050 ψυχικῆς
1098 964 1208 1039 οῦσίας
1236 965 1336 1046 κόσμος

256 1069 325 1157 όχρι
344 1067 426 1146 τινός
446 1071 611 1156 προελθών
632 1075 720 1158 ἔστη,
748 1076 799 1138 καί
825 1070 861 1138 τό
888 1076 1032 1140 ἐντεῦθεν
1055 1071 1071 1137 ῦ
1091 1071 1264 1157 σωματικὰς
1284 1071 1335 1136 όιε-

256 1177 366 1256 δέξατο
387 1177 507 1264 κόσμος.
529 1215 570 1226 -
595 1169 685 1248 Οἱίτω
705 1179 739 1246 όέ
759 1180 845 1246 καίῦ
869 1179 972 1267 νοερὸς
993 1186 1037 1258 είς
1057 1179 1111 1245 τὸν
1129 1176 1262 1264 ψυχικόν
1284 1183 1337 1244 ἐτι·

257 1285 408 1370 λείτησεν,
429 1289 479 1352 καί
492 1285 531 1370 δὴ
548 1289 652 1363 καίεῖς
672 1283 727 1353 τόν
748 1285 851 1372 νοερόν
873 1287 889 1353 ῦ
912 1285 1035 1374 νοητός·
1059 1289 1111 1353 καί
1128 1283 1246 1382 νοερόν.
1286 1277 1337 1354 Θῦ-

258 1419 318 1468 τιις
337 1389 397 1478 ι’ίρα
418 1397 469 1459 καί
490 1390 638 1478 όνοητόςΙ
653 1397 700 1478 ἐφ’
718 1398 827 1461 ἑαυτοῦ
843 1393 995 1478 ἑστήξεται
1008 1395 1059 1462 καί
1073 1394 1245 1472 διαδέξεται
1259 1391 1339 1460 αὐτόν

261 1498 438 1585 όνοητός
458 1505 523 1567 καί
552 1499 692 1585 νοερός.
746 1500 793 1570 Οῦ
815 1508 919 1568 τοίνυν
945 1499 1082 1586 πρόεισιν
1107 1503 1127 1586 ἡ
1154 1505 1209 1567 τοῦ
1238 1506 1339 1588 νοητοῦ

261 1603 351 1690 φύσις
371 1611 432 1687 ἐξω
451 1607 508 1675 τοῦ
527 1614 641 1693 νοητοῦ
661 1605 791 1696 κόσμου·
813 1608 883 1677 οῦδὲ
903 1609 959 1696 χῦρ
980 1608 1077 1677 τ’ίλλου
1098 1608 1212 1692 κόσμου
1228 1606 1339 1683 οῦδενῦς

262 1719 314 1788 τίς
334 1711 392 1799 τόν
416 1712 516 1797 ἄλλον
540 1714 706 1802 ὑπόβασιν.
760 1721 802 1782 Εί
829 1715 863 1782 δὲ
890 1720 949 1782 τοῦ
982 1715 1029 1782 ιἰεί
1054 1713 1285 1802 ὑποβεβηκότος
1309 1714 1340 1780 τό

263 1825 368 1906 πρῶτα
387 1825 584 1904 συντέτακται
608 1826 661 1890 καί
685 1821 853 1916 συνῄρηται
880 1823 919 1899 ὡς
940 1821 1076 1910 ὀχήματα
1102 1835 1167 1898 τοῖς
1183 1827 1339 1908 πρεςβυτέ-

265 1950 345 2009 ροις,
378 1917 476 2013 όόςπερ
502 1925 544 1996 ντί
564 1929 724 1996 τελευταῖα
754 1928 876 2012 οἷφὶεται
901 1933 954 2011 τῆς
981 1929 1101 2014 τοιᾶςόε
1127 1926 1340 2015 συναρτήσεως·

265 2035 303 2104 οὗ
326 2035 383 2125 μὰρ
403 2037 506 2105 πάντα
529 2035 653 2122 σιόματα
674 2041 777 2125 ψυχῶν
798 2042 924 2125 ἐξέχεται
946 2044 1081 2118 οἰκείου,
1104 2037 1175 2113 οῦδὲ
1194 2037 1271 2104 νότον
1290 2041 1342 2102 πῦ-
1384 2099 1385 2104 ,

243 2157 319 2210 ’σαι
340 2141 465 2231 ψυχαί,
483 2143 554 2212 οὗόέ
574 2148 625 2212 ἐπί
652 2147 713 2212 τῶν
738 2144 838 2212 ἄλλων
863 2142 901 2212 τό
932 2143 1059 2228 δεύτερα
1086 2147 1186 2211 πάντα
1213 2149 1271 2210 τῶν
1292 2143 1342 2224 πρό

266 2249 380 2318 αὐτῶν·
404 2256 470 2318 τοῦ·
483 2250 517 2317 δὲ
537 2252 652 2338 νοητοῦ
672 2251 763 2318 οῦδὲν
783 2255 919 2335 πρόεισιν
939 2258 982 2327 εἰς
1002 2249 1037 2318 τό
1049 2250 1131 2318 κοίτου
1143 2240 1247 2330 οὖσαν,
1267 2254 1343 2333 ἐξορ
1384 2279 1385 2284 ’

265 2363 379 2445 τηθείη
400 2360 439 2426 τῦ
459 2359 584 2444 δεότερα
604 2358 682 2426 κατόι
698 2360 753 2445 την
770 2368 842 2444 μίαν
857 2365 885 2438 ²)
902 2359 1040 2439 σύνταξον
1060 2366 1121 2426 τῶν
1138 2363 1345 2446 ἐποχουμένων,

266 2469 318 2533 καί
340 2467 385 2542 οίς
405 2473 572 2556 ἐποχεῖται·
593 2468 656 2534 ἀλλ’
671 2469 843 2553 ἂμέθεκτον
862 2463 935 2534 όλον
955 2467 1034 2534 εἶναι
1054 2466 1088 2533 τὸ
1109 2467 1218 2551 νοητόν
1239 2464 1344 2534 τοῦτου

267 2578 382 2657 αἴτιον,
416 2575 452 2642 τό
479 2576 602 2644 πάντων
630 2575 785 2660 ἀκρότητα
813 2575 973 2642 εἶναιτῶν
1002 2577 1121 2659 κόσμων
1146 2572 1200 2640 τόν
1225 2574 1342 2660 νοητόν·

268 2671 344 2749 όίστε
364 2687 412 2748 ἐπ’
435 2682 529 2770 αὐτῆς
554 2681 713 2770 ἡῦρᾶσθαι
737 2687 793 2768 τῆς
816 2679 937 2770 πόντων
965 2674 1108 2767 κορυφῆς.
1162 2684 1228 2750 Καὶ
1253 2676 1346 2760 ἐπειδὴ

267 2793 366 2856 πάντα
387 2793 469 2857 ἐστίν
490 2789 688 2876 ἆόιακρίτως,
715 2787 880 2879 ἢπιίντοιν
903 2792 1012 2876 ὁμοίως
1032 2787 1171 2880 ἐξῄρηται
1199 2794 1261 2879 τῶν
1286 2790 1345 2855 ῦια-

266 2901 458 2984 κρινομένων,
479 2896 502 2984 ἢ
519 2903 612 2966 πᾶσιν
635 2901 744 2983 ὁμοίως
764 2904 932 2986 ἐποχεῖται·
953 2902 1032 2965 πᾶσι
1044 2897 1100 2984 χείρ
1116 2901 1244 2982 ἐπαρκεῖ
1257 2899 1346 2964 αὐτοῦ

267 3006 286 3091 ἢ
309 3005 431 3090 ὃλότης·
454 3005 492 3072 οὗ
514 3007 572 3093 γὰρ
593 2997 642 3073 ότι
663 3006 862 3074 συνέσταλται
883 3010 927 3083 είς
946 3003 983 3072 τό
999 3003 1179 3091 ῦδιόκριτον,
1199 3005 1252 3072 όιὰ
1265 3007 1347 3071 τοῦτο

269 3112 305 3179 οῦ
325 3110 447 3178 πάντων
467 3115 534 3180 ἐστὶ
553 3117 614 3179 τῶν
642 3111 762 3198 κόσμων
789 3119 952 3200 μέγιστος..
992 3119 1049 3188 Τίς
1074 3111 1101 3176 δ’
1130 3109 1168 3178 ἂν
1194 3102 1233 3198 ἦν
1260 3106 1347 3180 αὐτοῦ

268 3222 319 3284 καὶ
339 3218 471 3307 όιαφοροὶ
489 3216 647 3306 προϊόντος
668 3227 710 3297 είς
732 3218 830 3307 όχημα
849 3222 900 3286 καί
922 3216 1105 3304 ὀχούμενον,
1137 3216 1172 3284 τό
1205 3217 1263 3304 μοῦρ
1283 3216 1346 3283 όίλο

269 3327 467 3414 ἐποχούμενοι
487 3325 585 3394 ῦίίλου
606 3336 720 3415 γίνεται
741 3326 858 3414 όχημα,
893 3321 968 3393 όίστε
988 3333 1017 3394 εῖ
1036 3329 1141 3416 προΐοι
1160 3333 1204 3402 είς
1225 3323 1262 3394 τό
1283 3325 1347 3411 ὀχεῖ-

271 3439 350 3501 σθαι
371 3447 436 3512 τοῖς
456 3433 580 3515 ἄλλοις,
602 3434 641 3512 ῦς
662 3435 763 3513 όνοῦς
781 3441 820 3532 ιη’
840 3457 875 3531 ψη
909 3437 946 3517 “,
963 3437 1015 3502 καί
1034 3437 1054 3522 ἡ
1073 3431 1155 3523 ψυχή
1173 3439 1215 3520 τῷ
1239 3436 1348 3520 στόματι,

263 3541 355 3610 Ιἐσται
381 3542 457 3610 ἄλλο
485 3547 539 3610 καί
567 3541 649 3610 αῦτό
677 3541 792 3630 όχημα,
827 3543 867 3620 ὡς
893 3568 914 3625 η
940 3539 1022 3630 ψυχή
1047 3547 1090 3627 τῷ
1117 3546 1159 3628 νηῦ
1180 3547 1232 3609 καί
1254 3541 1269 3610 ό
1288 3543 1349 3612 νοῦς

269 3649 351 3735 όλληι
374 3659 444 3718 τινί.
505 3658 596 3727 Τίνος
617 3639 671 3717 οῦν
690 3648 789 3738 όχημα
810 3649 846 3718 τό
865 3650 997 3739 νοητόν;
1027 3646 1108 3717 οῦτῦι
1130 3647 1187 3738 χόρ
1208 3655 1291 3716 ἔσται
1308 3649 1349 3713 καί

317 3885 344 3948 ι)
366 3880 462 3932 Hamb.
481 3886 545 3969 μίαν
562 3881 605 3933 bis
623 3877 721 3951 posuit.
742 3881 816 3935 Mon·
835 3880 909 3941 τάξιν
927 3898 979 3952 pro
999 3879 1117 3940 σύνταξιν
1135 3892 1161 3932 et
1187 3881 1315 3948 ὑπισχνεῖται
1331 3876 1346 3928 l.

270 4019 365 4072 Hamb.
382 4019 418 4072 ἐπ’
439 3969 690 4090 αῖτηςίὶυσρᾶσθαι.
702 4018 751 4080 εἰσ,
771 4021 847 4090 quati
861 4019 1134 4091 ίσρῦιιθαινσίιιιτὶι.
1153 4017 1248 4070 Postea
1259 3967 1350 4086 ἐπαρὲτῖ

269 4089 323 4156 εἰσ,
352 4100 377 4148 τι
398 4089 528 4159 διαφορὰν
546 4087 682 4159 προϊόντος
700 4088 772 4140 Mon.
