2770 4840
237 283 308 348 210

236 463 275 531 τά
299 459 333 529 τά
358 456 538 546 προοδοιόν·
561 457 742 525 ὑποκείσθω
763 459 822 541 γάρ
845 457 985 542 ἑκάτερον
1007 458 1075 526 κατ’
1099 459 1220 540 οὐσίαν,
1240 475 1328 548 κρεῖτ-

236 597 291 639 τον
311 569 345 635 δέ
366 568 401 634 τὸ
425 568 472 634 ἀεὶ
493 565 758 652 προϋφιστάμενον
779 571 834 632 τοῦ
856 571 1103 653 ἐπιγιγνομένου,
1132 563 1210 635 άίστε
1229 574 1276 637 καί
1294 572 1327 637 τὸ

235 659 477 766 άροοδικὸν’τοῦ
506 679 740 761 ἐπιστρεπτικοῦ
751 695 759 711 ·
786 671 847 742 ὀὐκ
869 671 929 760 ἄρα
949 672 1107 762 πλησιάζει
1141 683 1180 764 τῷ
1200 683 1329 765 γεννῶντι

236 787 350 872 μδλλον
370 782 457 852 καθὸ
479 786 653 870 ἐπιστρέφει
676 779 697 869 ἢ
718 780 801 848 καθδ
822 783 1046 870 προελήλυθεν.
1068 821 1108 832 --

321 975 362 1037 Εἰ
383 967 417 1036 δὲ
439 971 491 1034 καί
511 972 593 1051 μένει
615 966 652 1033 τὸ
669 969 702 1048 4)
720 963 955 1052 προεληλοθὸς,
979 967 1018 1044 ὡς
1038 965 1205 1050 δέδεικται,
1226 975 1253 1034 τί
1272 969 1330 1036 δεῖ-

237 1109 288 1147 ται
319 1081 373 1163 τῆς
393 1078 579 1163 ἐπιστροφῆς
604 1073 667 1162 ήδη
690 1077 767 1140 κατὰ
792 1071 830 1142 τέ
848 1079 950 1161 μένειν
963 1074 1227 1162 ,ἆφοιμοιωμένονς
1248 1114 1284 1126 -
1305 1086 1332 1145 εί

237 1187 274 1264 δὲ
293 1185 549 1281 ἀνάκτησίςῐέστι
577 1186 632 1268 τῆς
660 1185 754 1270 μονής
780 1181 799 1268 ή
828 1179 1017 1269 ἐπιστροφή,
1043 1183 1120 1270 μονή
1150 1183 1191 1250 άν
1219 1186 1332 1268 εἴηκαὶ

238 1290 333 1380 αἷίτη,
356 1291 435 1360 ἄλλά
461 1288 538 1378 μετά
559 1289 615 1380 τήν
635 1285 784 1378 πρόοδον,
816 1292 869 1358 καί
889 1290 946 1358 οὐκ
968 1288 1043 1357 ἄλλο
1063 1320 1093 1357 τι
1114 1300 1255 1377 σημαίνει
1271 1301 1332 1382 τρί-

237 1401 334 1486 τονή
363 1398 549 1486 ἐπιστροφή,
579 1404 608 1464 εί
635 1395 731 1484 μηδὲν
761 1393 840 1464 άλλο
867 1393 952 1485 παρά
979 1401 1017 1465 τό
1042 1402 1142 1480 μένειν
1170 1403 1329 1486 ἐργάζεται.

237 1515 304 1577 Καί
324 1533 373 1576 τοι
387 1504 461 1574 άλλο
483 1505 562 1573 κατὰ
582 1505 642 1592 τήν
663 1508 781 1578 ἔννοιαν
803 1502 838 1570 ιδ
860 1509 1099 1590 ἐπιστρέφεσθαι
1120 1505 1204 1593 παρὰ
1225 1505 1262 1575 τέ
1281 1512 1329 1594 μί-

237 1635 315 1683 νειν·
344 1613 423 1680 κατά
451 1615 505 1701 μὲν
527 1609 585 1702 γάρ
605 1612 643 1678 τὸ
664 1618 763 1699 μένειν
791 1611 866 1679 αὐτὸ
887 1611 1137 1701 βοάλεταιεῖναι
1165 1613 1201 1682 τδ
1229 1643 1329 1702 γεννη-

236 1725 313 1806 θέν,
340 1718 417 1811 ὅπερ
436 1721 471 1788 τά
492 1726 660 1811 γεννῆσαν,
692 1713 795 1806 ὥσπερ
824 1721 902 1788 κατά
924 1722 979 1808 τήν
1003 1721 1140 1807 πρόοδον
1162 1723 1242 1791 αὐτὸ
1263 1718 1331 1808 ιάπερ

236 1837 300 1902 ἐστὶ
323 1832 360 1900 τὸ
381 1833 531 1920 γεννηθὲν
551 1831 627 1917 μετά
648 1828 686 1896 τὸ
707 1835 870 1916 γεννῆσαν·
892 1831 977 1898 κατὰ
994 1836 1097 1918 μέντοι
1116 1831 1174 1916 τήν
1194 1837 1331 1922 ἐπιστρο-

234 1941 299 2029 φήν
324 1941 461 2028 ὀρέγεται
480 1937 516 2006 τὸ
541 1939 693 2024 γεννηθὲν
721 1941 779 2004 τοῦ
807 1932 1023 2024 γεννήσαντος,
1045 1941 1146 2024 ,μένον
1176 1939 1256 2006 αὐτὰ
1284 1946 1330 2007 καί

233 2053 375 2135 μένοντος
406 2052 521 2114 ἐκείνου
552 2050 585 2114 ἐν
606 2051 728 2122 οἰκείοις
749 2042 841 2131 ὅροις.
864 2081 905 2094 -
952 2042 999 2111 Τὸ
1022 2045 1177 2135 ὀρεκτικὸν
1201 2043 1259 2135 γάρ
1278 2053 1331 2115 τοί

235 2156 362 2245 ὀρεκτοῦ
387 2153 560 2243 ἀντέχεται,
588 2152 628 2230 ὥς
659 2148 735 2220 ἄλλο
762 2150 871 2235 ἄλλου,
899 2152 946 2221 ἆεί
972 2153 1006 2220 δὲ
1037 2153 1072 2220 τὸ
1100 2153 1175 2222 ἄλλο
1196 2157 1276 2241 μετὰ
1296 2151 1328 2224 τὸ

233 2263 412 2354 προελθεῖν·

321 2414 409 2505 Τάχα
431 2406 487 2482 οὖν
508 2416 528 2502 ἡ
552 2413 720 2502 ἐπιστροφή
741 2413 839 2500 ὄρεξίς
860 2397 926 2482 ἐστι
947 2421 1004 2483 τοῦ
1018 2426 1122 2506 τρίτου
1137 2423 1330 2486 ἐπιποθοῦν-

234 2553 305 2613 ιος;
325 2526 386 2592 Ἐν
405 2524 465 2610 γάρ
483 2527 528 2610 τῷ
549 2528 648 2609 μένειν
661 2525 690 2600 ⁵)
719 2520 807 2590 οέπω
835 2523 945 2609 ὄρεξις·
981 2525 1068 2594 οίίπω
1088 2527 1146 2615 γὰρ
1168 2527 1276 2615 διέστη
1298 2528 1331 2596 τὸ

236 2633 389 2724 ὀρεκτικὸν
413 2636 472 2700 τοῦ
492 2632 632 2720 ὀρεκτοῦ.
658 2629 749 2699 Ἀλλά
769 2632 843 2719 μήν,
865 2632 935 2698 οὖδέ
956 2638 988 2700 ἕν
1006 2639 1050 2720 τῷ
1069 2634 1331 2722 προεληλυθέναι·

233 2742 393 2819 διάστασις
418 2737 477 2828 γάρ
505 2733 585 2827 αἰίτη
610 2740 662 2804 καί
681 2735 828 2824 διάκρισίς
856 2743 922 2807 ἐστι
951 2754 1018 2809 τοῖν
1033 2747 1062 2818 ⁶)
1090 2743 1196 2825 δυοῖν,
1220 2751 1276 2812 ἵνα
1297 2746 1332 2812 τὸ

232 2850 287 2936 μὲν
307 2842 328 2940 ᾖ
351 2847 518 2938 ὀρεκτικὸν,
548 2845 585 2915 τὸ
618 2845 652 2920 δὲ
682 2846 825 2934 ὀρεκτὸν,
856 2849 973 2934 μᾶλλον
1002 2849 1053 2931 δὲ,
1082 2857 1134 2918 ἵνα
1164 2851 1201 2918 τὸ
1229 2861 1333 2939 τρίτον

232 2955 371 3027 ἀποστάν
381 2960 438 3024 τοῦ
452 2954 574 3042 πράσου
588 2951 718 3042 ὕστερον
739 2955 856 3052 ὀρεχθή
877 2961 992 3025 ἐκείνου
1013 2957 1110 3046 πίθῳ
1130 2964 1184 3047 τῆς
1205 2960 1333 3050 άρχαίας

232 3067 363 3152 φάσεως.
407 3063 523 3152 Διόπερ
553 3064 593 3132 οὐ
615 3063 651 3130 τὸ
671 3068 773 3151 μένειν
799 3063 957 3152 ἐργάζεται
983 3067 1002 3154 ή
1035 3071 1225 3158 ἐπιστροφή,
1254 3070 1333 3138 ἀλλὰ

230 3174 266 3242 τὸ
293 3173 457 3264 πέῤῥωθεν
489 3171 656 3240 υίσολαέειν
691 3175 747 3239 τοῦ
780 3172 978 3261 γεννήσαντος
1012 3173 1135 3262 ὀρεκτοῢ
1164 3182 1330 3262 φανέντος·

232 3278 311 3349 ὅθεν
331 3285 384 3348 καί
404 3280 441 3348 τὸ
462 3282 629 3370 προελθεῖν
649 3278 774 3347 κάλλιον
793 3285 851 3347 τοῦ
871 3287 1125 3368 ἐπιστρέφεσθαι·
1149 3284 1331 3352 οὖσιοποιὸν

227 3388 285 3477 γάρ
307 3394 364 3459 τοῦ
383 3396 488 3478 τρίτου
513 3387 548 3456 τὸ
570 3389 836 3475 προεληλυθέναι·
857 3391 893 3458 τὸ
906 3391 940 3458 δὲ
957 3397 1197 3480 ἐπιστρέφεσθαι
1213 3396 1330 3463 τελειο-

228 3493 333 3564 παιάν.
355 3535 393 3548 -
443 3509 446 3518 ‘

296 3679 326 3742 ε)
345 3675 421 3728 Mon.
438 3673 471 3728 τὸ
491 3689 545 3727 om.
564 3673 637 3727 Mox.
654 3675 725 3728 idem
742 3677 766 3730 τί
783 3675 813 3728 δὲ
831 3677 874 3730 καῖ
891 3676 1046 3734 ἄνάκτ.....
1061 3678 1129 3750 μόνη
1148 3680 1189 3733 ἄν.

297 3743 326 3810 5)
345 3745 467 3815 Uterque
485 3747 512 3798 ἐν
528 3741 579 3816 γὰρ
599 3744 631 3798 τὸ
648 3747 742 3816 μένειν.
780 3745 903 3819 Uterque
921 3749 957 3803 αδ
974 3749 1122 3824 marginem
1140 3761 1252 3804 notant:

364 3814 479 3886 πρόοδος
548 3843 581 3854 -
616 3815 760 3886 ἐπιστροφὴ
961 3834 963 3838 ’

364 3883 527 3956 ἑτεροιατική
548 3913 580 3924 -
616 3884 798 3956 άφομοιωτική

363 3953 508 4042 διακριτική
547 3983 579 3994 -
615 3956 777 4026 υυναιρετική

364 4043 518 4112 προαγωγος
545 4053 578 4063 -
614 4023 749 4094 ἀναγωγός

209 4153 211 4158 y
363 4093 513 4157 ουσιοπσιές
543 4121 579 4134 -
613 4093 780 4156 τελειοποιές.

293 4164 323 4231 6)
343 4165 419 4219 Mon.
435 4166 485 4216 τοῦ
502 4163 577 4216 δυοῖν
586 4201 654 4218 .....
663 4163 780 4220 ἀποστὰν
797 4167 846 4220 τοῦ
861 4169 999 4238 προτέρου,
