2750 4840
246 285 328 348 1014-

240 465 385 551 ράδειγμα
406 469 538 530 ἔοικέ-ναι
558 469 593 560 τῇ
617 461 731 543 εἰκόνι,
755 464 836 534 ἀλλὰ
859 470 937 531 καθ’
960 465 1116 551 ὑπεροχήν.
1156 468 1197 532 Εἴ
1215 465 1260 535 δὲ.
1281 455 1321 529 Ιδτι

240 571 368 638 ίείκιῦν
389 574 554 656 ὁμοιοῦται
574 574 616 656 τῷ
642 571 867 660 παραδείγματι
893 577 944 638 καί
971 571 1069 658 ταῦτη
1092 574 1180 657 ὁμοία
1189 622 1198 652 ,
1228 574 1276 638 καί
1294 571 1322 634 τῦ

240 677 433 767 παράδειγμα
460 681 561 763 ὃμοισί
580 677 634 766 την
663 679 768 748 εἰκόνα
790 679 867 766 πρὸς
895 679 986 748 ἑαυτὸ
994 731 1003 761 ,
1030 684 1082 748 καί
1102 681 1201 768 ταῦτη
1223 671 1323 763 ’ὅμοιαι

232 785 325 853 ’Am
348 791 389 864 ¹⁵)
414 787 586 868 ταῦταμὲν
606 784 702 873 ἀλλαγς
723 786 759 852 ἀν
781 785 880 874 λόγων
901 789 1055 874 ἁρμονίας.
1088 789 1129 874 οῦἱ
1143 790 1245 872 μέντοι
1265 785 1324 852 οὐδὲ

142 924 170 974 p.
186 893 273 972 56.·τδ
298 894 378 972 εἶδος
399 903 500 980 ἕτερον
520 898 578 978 τῆς
597 888 690 980 ῦλης,
713 888 761 961 ῦτι
782 893 823 981 μὴ
845 901 950 982 ἑτέρα,
970 894 1050 962 ἀλλά
1070 896 1162 990 μδνον
1184 895 1240 982 σῦγ
1257 886 1323 978 ῦλη’

239 1007 291 1069 καί
312 1003 370 1089 γάρ
391 1001 588 1087 ἡέτερότης,
608 999 780 1090 διακριτική
800 1009 864 1070 ἐστι
886 1009 941 1090 τῆς
962 1003 1165 1088 ταυτότητος,
1187 1003 1254 1068 οῦδὲ
1272 1007 1325 1067 ἑτε-

239 1109 348 1197 ρότης·
371 1111 452 1186 εἶδος
473 1111 506 1176 δὲ
528 1113 580 1176 καὶ
602 1105 700 1197 ι’γῦλη
723 1111 852 1196 σῦδαμῆ
868 1111 996 1178 ταῦτιίν·
1019 1113 1054 1178 οῦ
1072 1111 1126 1197 γάρ
1148 1110 1186 1177 ἀν
1203 1113 1247 1192 εἴη
1261 1109 1326 1174 ταῦ·

200 1220 204 1231 ’
240 1217 313 1300 νῦν,
333 1221 353 1305 η
377 1215 453 1306 ῦλη,
483 1219 554 1284 οῦδὲ
576 1218 633 1304 ῦρα
655 1219 791 1305 ἑτερότης
813 1224 846 1286 ἐν
867 1231 931 1295 τοῖς
957 1216 1032 1302 πρὸς
1059 1219 1189 1304 ἄλληλα.
1220 1225 1326 1304 κεχαρί-

232 1334 323 1404 σθαι
343 1329 376 1394 δὲ
398 1332 511 1411 φατέον
532 1325 607 1413 ῦλην
627 1331 679 1393 καί
701 1327 781 1404 εἶδος
802 1327 855 1393 ἀπ’
877 1325 1034 1409 ἀλλήλων·
1058 1327 1092 1392 τῦ
1113 1328 1146 1394 δὲ
1161 1329 1326 1413 κεχωρισμέ-

242 1463 295 1502 νον
321 1435 513 1522 ἀντιστρέφει
551 1433 626 1519 πρὸς
660 1435 696 1500 τὸ
727 1439 955 1523 κεχωρισμένον,
984 1426 1062 1500 ῦστε
1085 1439 1137 1500 καί
1165 1435 1204 1527 τά
1237 1433 1328 1501 πάντα

241 1543 302 1610 ἆιτδ
333 1544 373 1625 ¹⁶)
401 1552 473 1626 μιᾶς
506 1541 627 1628 φῦσεως
660 1549 775 1628 ἐκείνης
803 1540 977 1632 κεχώρισται
1005 1548 1232 1629 κεχαρισμένης.
1269 1540 1327 1608 διαί·

242 1677 343 1737 ρισται
374 1648 434 1736 ἀρα
462 1655 514 1716 καί
549 1646 626 1736 αῦτη
655 1650 716 1715 ἀπδ
747 1654 874 1716 πάντων.
920 1653 986 1725 πῶς
1019 1640 1075 1715 οῦν
1109 1655 1251 1716 πέπονθε
1284 1647 1329 1714 τὸν

241 1759 414 1848 διορισμόνς
447 1761 497 1826 οῦι
518 1757 573 1846 γάρ
602 1756 639 1838 δὴ
668 1759 730 1825 ἀπό
757 1786 840 1834 τινος
865 1764 925 1824 τῶν
952 1763 1025 1841 μεθ’
1049 1757 1136 1837 αῦτιί,
1171 1747 1246 1842 ῦπερ
1263 1757 1353 1825 εἶναι.

242 1865 427 1954 διοριστικδν
449 1871 549 1934 αἴτιον
570 1869 704 1952 λέγομεν.
728 1874 792 1943 πῶς
805 1868 838 1933 δὲ
860 1863 971 1932 τούτου
995 1865 1092 1931 αὐτοῦ
1112 1866 1255 1954 διεκρίθη
1270 1867 1329 1930 δια·

243 1977 456 2060 κριδὲντοςδῖ)
478 1974 499 2061 ἢ
518 1972 617 2058 πάντη
641 1973 817 2061 ἀδιάκριτον
839 1975 1065 2061 ὁμολογοῦμενς
1092 1971 1112 2055 ἢ
1133 1965 1233 2058 ὥςπερ
1256 1983 1329 2054 ἕτερα

198 2129 200 2132 -
244 2082 282 2148 οῦ
307 2087 428 2168 ῥητέον,
456 2089 487 2149 ἐν
511 2085 555 2159 οἰς
577 2083 634 2149 οῦκ
656 2088 739 2150 ἔστιν
760 2081 899 2168 ἑτερότης
920 2081 1032 2164 ἀμφοῖν
1053 2081 1147 2166 κοινή.
1171 2073 1268 2157 οὕτως
1287 2080 1328 2144 οῦ-

244 2191 277 2256 δὲ
296 2191 478 2276 διωρισμένα
501 2191 553 2256 ἀπ’
574 2192 726 2276 ἀλλήλοιν,
747 2189 767 2276 ἢ
787 2191 1008 2276 διακεκριμένα,
1029 2194 1060 2255 ἓν
1082 2191 1128 2264 οἷς
1149 2189 1206 2256 οῦκ
1228 2195 1289 2256 ἔστι
1298 2189 1329 2268 18)

244 2296 347 2363 κοινῦν
367 2303 506 2384 πρᾶγμα,
528 2301 579 2364 καί
602 2295 875 2383 ῦνομα,.διιίκρισις
896 2300 947 2362 καί
968 2297 1141 2381 διορισμός·
1161 2303 1233 2390 Ιἐπεὶ
1251 2297 1285 2363 τό
1305 2321 1330 2381 γε

215 2409 222 2424 ‘
245 2406 428 2489 διοριστικδν
449 2405 471 2491 ἢ
493 2407 680 2494 διακριτικον
702 2409 817 2476 αἴτιον·
837 2407 915 2491 πρὸς
935 2406 971 2471 τὰ
991 2410 1108 2472 ἑαυτοῦ
1129 2404 1269 2473 αἰτιατδν
1288 2405 1331 2470 ἀν-

244 2507 396 2600 τιστρέφει
424 2515 481 2582 οῦκ
509 2516 572 2582 ἀπά
593 2520 647 2602 της
668 2519 754 2602 ίσης,
783 2515 850 2580 ἀλλ’
881 2516 921 2588 ὡς
941 2519 1053 2579 ποιοῦν
1074 2511 1149 2598 πρὸς
1170 2512 1331 2614 γινόμενον·

244 2622 429 2706 διακρίνεται
449 2625 503 2708 μὲν
518 2626 558 2703 ¹⁹)
586 2622 623 2690 τὸ
644 2615 782 2688 αἰτιοτῦν
803 2618 863 2687 ἀπὸ
884 2626 942 2686 τοῦ
963 2629 1072 2700 αἰτίου,
1094 2621 1135 2711 ὡς
1155 2626 1277 2707 μετέχον
1287 2625 1333 2704 τῆς

245 2729 457 2814 διακρινούσης
478 2737 596 2811 αἰτίας,
620 2731 813 2814 διακρίνεται
833 2731 868 2796 δέ
888 2758 952 2806 πως
979 2727 1041 2796 ἀπὸ
1063 2734 1119 2795 τοῦ
1142 2737 1281 2798 αἰτιατοῦ
1302 2726 1331 2794 τί

245 2841 360 2918 αἴτιον,
390 2838 431 2914 ὡς
452 2837 586 2924 προάγον
599 2835 686 2905 αῦτδ
708 2840 759 2921 ἀφ’
782 2843 896 2905 ἑαυτοῦ
917 2842 968 2904 καὶ
989 2838 1158 2924 διακρίνον·
1188 2835 1268 2905 οῦτω
1289 2835 1335 2924 γιίρ

246 2947 453 3033 ἀναστρέφειν
471 2948 611 3031 ἠξιοῦμεν
632 2951 684 3039 καί
703 2945 738 3013 τὸ
761 2939 866 3032 δμοιον
887 2943 1002 3023 εἰκόνος
1016 2949 1068 3012 καί
1085 2947 1333 3034 παραδείγματος·

247 3054 281 3119 τὸ
304 3053 338 3120 δὲ
359 3059 491 3121 ἕκέιιεινα
512 3055 672 3141 διορισμοῦ
696 3055 818 3152 παντός,
841 3056 898 3122 οῦκ
920 3055 958 3120 ἀν
974 3083 1019 3130 τις
1034 3060 1084 3157 ἔχη
1107 3056 1206 3140 λέγειν
1227 3057 1334 3140 οὐδαμῆ

249 3161 393 3247 οὐδαμῶς
413 3163 619 3248 διωρισμένον,
640 3168 707 3230 ε’πεί
728 3167 780 3230 καί
800 3161 974 3246 διώρισται,
997 3164 1033 3230 οῦ
1052 3163 1155 3250 πάντη
1176 3163 1335 3251 διώρισται.

249 3273 308 3353 ἔχει
328 3268 363 3332 δέ
384 3297 412 3335 τι
433 3273 484 3336 καί
506 3267 606 3338 κοινῦν
628 3278 671 3338 ἓν.
693 3277 780 3338 «ἔσται
798 3271 855 3356 ἀρα
873 3274 904 3336 τί
924 3277 968 3357 τῷ
990 3271 1174 3356 δευτέρηῖθ)
1205 3270 1267 3338 ἀπδ
1289 3273 1336 3335 τοῦ

247 3373 370 3459 πρώτου
400 3379 464 3443 οἰον
483 3383 596 3458 ἐκεῖνο,
621 3371 715 3463 οὗπερ
736 3377 924 3462 ἀπέγνισμεν·
956 3379 1017 3444 εἰδὲ
1044 3376 1121 3456 αῦτδ
1151 3383 1264 3458 ἐκεῖνο,
1293 3377 1337 3442 καί

248 3489 282 3550 ἐν
302 3490 345 3570 τῷ
368 3485 495 3572 δευτέρῳ
516 3490 567 3552 καί
589 3493 620 3552 ἐν
641 3492 749 3565 πᾶσιν,
779 3480 875 3570 ὥςπερ
897 3487 1054 3572 ἐλέγομεν,
1077 3485 1134 3552 οὐκ
1148 3482 1190 3552 ἀν
1211 3489 1258 3572 εἴη
1280 3509 1337 3550 κοι-

304 3675 346 3740 νῆ)
368 3676 442 3730 Mon.
467 3675 532 3728 ἀλλὰ
552 3678 617 3730 κατὰ
634 3678 718 3728 ταῦτα
736 3695 767 3746 μ.
787 3694 812 3728 α.
835 3653 869 3728 αι’
884 3677 923 3742 ε’ίη
943 3677 966 3728 λ.
986 3674 1047 3746 ἀρμ.

305 3746 349 3812 16)
369 3746 445 3797 Μοο.
466 3745 517 3798 ἀπὸ
534 3750 581 3812 τῆς
598 3766 627 3816 μ.
1029 3803 1038 3809 ,
1094 3803 1096 3806 .

304 3818 347 3875 ιγ]
367 3814 437 3865 idem
456 3817 555 3866 rectius
576 3815 590 3866 ὅ
607 3815 689 3879 πάντη
712 3813 754 3866 ιίδ.
773 3829 836 3866 mox
853 3814 1024 3885 transponit:
1046 3812 1117 3880 κσινίγ
1138 3810 1245 3880 ἀμφοῖν.

305 3882 348 3948 18)
370 3883 442 3935 Mon.
461 3889 488 3934 ἰν
506 3889 545 3944 οἷς
563 3884 609 3936 οἰκ
627 3889 696 3935 ἐστιν
714 3883 833 3953 ἑτερότης
851 3883 937 3934 κοινὸν
955 3903 999 3952 πρ.
1242 3935 1245 3940 ,

303 3963 346 4020 19)
368 3952 441 4006 Mon.
461 3952 511 4024 γὰρ
532 3965 594 4024 post
612 3957 659 4020 μὲν
678 3953 786 4016 inserit,
817 3953 935 4020 itemque
955 3970 1017 4004 mox
1036 3955 1078 4002 καὶ
1097 3963 1160 4021 post
1178 3954 1209 4004 δι’
1223 3972 1292 4010 ποτε
1316 3956 1338 3996 εἰ

249 4021 331 4090 paulo
350 4020 464 4073 inferius
484 4027 546 4088 ἰγοι.
585 4022 708 4091 Denique
727 4022 799 4073 inter
816 4024 869 4073 ἐπεὶ
887 4023 933 4072 καί
947 4022 1117 4072 inserendum
1136 4025 1168 4073 εἰ
1187 4023 1300 4073 videtur.

294 4091 348 4209 ρο)
368 4089 464 4170 Ηριηίν.
491 4097 562 4144 ἰσται
585 4090 637 4161 ἄρα
655 4112 681 4142 τι
699 4094 734 4158 τῷ
759 4091 868 4160 δευτέρῳ
894 4094 937 4142 καὶ
956 4095 985 4146 ἰν
1007 4093 1099 4156 πᾶσιν,
1127 4089 1210 4160 ὥσπερ
1229 4093 1338 4157 ἐλέγομεν

250 4177 289 4210 ινιτ
312 4177 337 4210 ια
357 4172 455 4211 omnent.
1269 4194 1270 4197 =
