2770 4840
248 269 314 332 178

156 447 219 552 ¹:22¹·
244 449 349 533 φιλίας
377 444 549 512 ἀντίδοσιν·
581 437 657 510 ἀστε
684 447 735 510 καί
763 441 799 510 τό
822 443 855 510 όν
876 448 992 531 μετέχει
1012 449 1064 509 καί
1078 446 1107 519 ⁹)
1129 441 1273 526 κινήσεως
1290 445 1337 506 καί

214 539 220 551 ’
244 555 392 632 στάσεως,
424 548 501 618 ὥστε
523 553 579 618 οὐκ
599 550 652 618 ἀπ’
672 550 768 618 αάτοά
789 551 809 636 η
831 557 963 635 κίνησις,
994 549 1067 616 οὐδὲ
1090 555 1205 616 ἐκείνου
1228 550 1268 626 ὡς
1290 547 1336 614 όν·

244 689 297 738 τος
317 665 461 745 ἐνέργεια.
490 661 568 735 Παῖς
588 655 644 743 γάρ
665 655 704 723 άν
725 655 761 723 τό
783 654 921 726 αἰτιατόν
946 656 1117 743 μεταάιίσει
1137 685 1168 723 τι
1188 661 1225 746 τῇ
1249 663 1338 740 αἰτίη,

245 771 360 854 καὶτῷ
380 769 560 856 γεννήσαντι
580 763 616 832 τά
637 767 810 851 γεννηθέν,-

158 929 259 1014 Cap.'
329 928 431 1010 Χοιρίς
444 925 473 997 ¹)
492 921 526 988 ἀὲ
547 917 666 990 τούτων
685 918 721 987 τό
742 921 796 1008 μὲν
815 931 915 988 ποιεῖν
935 905 1070 1008 ἐνέργειά
1087 946 1148 1000 τις,
1169 918 1204 985 τὸ
1227 918 1262 984 δὲ
1284 921 1339 985 πά-

171 1017 224 1084 6³·
245 1057 326 1120 σχειν
357 1035 423 1108 πάς
454 1029 490 1098 ἀν
516 1032 564 1116 εἴη
591 1033 742 1117 ε’νέργειας
767 1065 809 1080 -
834 1035 951 1116 κίνησις
976 1028 1011 1096 δὲ
1031 1033 1083 1096 καί
1104 1027 1140 1094 τό
1160 1026 1304 1117 πάσχειν,
1324 1025 1343 1115 ἢ

245 1137 282 1206 τό
312 1137 428 1227 πάσχον
453 1144 485 1206 ἕν
513 1136 614 1223 τούτῳ
642 1143 702 1223 ἔχει
728 1135 763 1204 τό
793 1141 937 1222 ἐνεργεῖν,
974 1142 1007 1205 ἕν
1033 1143 1076 1224 τῷ
1099 1137 1239 1223 πάσχειν,
1269 1129 1343 1222 άπερ

246 1251 338 1315 τοῦτό
358 1253 422 1339 ἐστί
442 1247 478 1314 τά
493 1244 626 1332 ’πάσχειν
647 1250 732 1333 ἔργον
754 1245 854 1313 αὐτοῦ
861 1296 870 1327 ,
899 1241 1001 1334 ἀίοπερ
1021 1249 1075 1334 τῆς
1098 1237 1174 1334 ἀλης
1193 1249 1277 1312 εἴποι
1297 1274 1343 1322 τις

248 1354 286 1421 ἀν
320 1362 353 1422 ἔν
382 1355 475 1439 μόνον
505 1359 594 1437 ἔργον
624 1352 702 1419 εἶναι
723 1349 760 1419 τό
787 1352 931 1440 πάσχειν,
959 1353 1027 1422 ἀλλ’
1050 1353 1120 1421 οὐδὲ
1141 1351 1218 1438 πρός
1238 1352 1341 1440 τοάτῳ

249 1465 301 1527 καὶ
326 1461 360 1527 τό
382 1477 489 1529 ποιεῖν.

324 1570 525 1658 Ἐνίργεια
554 1568 589 1634 δέ
619 1569 740 1652 ἐστινὴ
767 1573 823 1635 τοά
855 1575 970 1636 οἰκείου
999 1570 1090 1656 ἔργου
1111 1567 1341 1657 ἀποπληρωσις·

247 1677 412 1763 δύναμις
432 1678 466 1744 δὲ
487 1676 665 1764 παρασκευη
685 1682 738 1762 τῆς
759 1681 916 1761 ἐνεργείας.
952 1676 1032 1744 Ἀλλ’
1062 1682 1089 1744 εἶ
1108 1674 1200 1744 τοῦτό
1221 1681 1305 1744 ἔστιν
1325 1707 1342 1762 η

247 1785 375 1853 ἑκάστου
395 1791 541 1870 ἐνέργεια,
570 1786 590 1872 η
622 1789 676 1852 τοῦ
696 1785 773 1852 κατά
798 1783 889 1868 φάσιν
910 1789 999 1870 ἔργον
1021 1779 1183 1865 ἀπόδοσις,
1211 1785 1287 1852 αὐτὸ
1311 1786 1345 1852 τό

247 1900 364 1980 ἔργον
383 1901 415 1960 τί
434 1891 471 1960 ἀν
491 1897 538 1980 τίη
562 1895 719 1980 ζητητέον,
737 1891 867 1981 πότερον
888 1889 967 1959 ἀλλο
989 1887 1073 1978 παρά
1092 1890 1130 1958 τό
1148 1897 1345 1980 ἐργαζόμενον

250 2001 268 2087 ἢ
295 1998 371 2068 αάτά
394 2006 508 2086 ἐκεῖνος
529 2001 596 2067 ἀλλ’
617 2008 644 2068 εί
664 2002 718 2086 μὲν
738 2005 846 2080 τοῦτο,
872 2001 963 2087 καὶὴ
986 1999 1079 2066 οάσία
1099 2013 1240 2084 φανεῖται
1262 2007 1344 2088 ε’νέρ-

247 2137 328 2190 γεια,
356 2104 433 2177 ἀίστε
453 2101 534 2177 οάτω
543 2137 578 2190 γε
592 2112 643 2176 καί
661 2111 682 2196 ίχ
702 2109 806 2187 στάσις
827 2112 879 2176 καί
900 2114 959 2176 πᾶν
981 2109 1062 2186 εἶδος
1083 2112 1136 2176 καί
1154 2116 1251 2192 γένος,
1272 2112 1344 2178 ἀλλ’

237 2211 285 2284 ἢ)
308 2217 384 2306 μόνη
404 2219 425 2302 ἡ
444 2225 561 2303 κίνησις
581 2221 666 2284 ἔσται
687 2214 722 2283 τό
744 2222 845 2301 ἔργον,
877 2221 929 2284 καί
950 2217 1112 2299 ἀπαιτήσει
1135 2218 1151 2283 ὁ
1171 2215 1263 2299 λόγος
1289 2221 1344 2288 άλ-

247 2317 305 2412 λην
333 2326 389 2410 την
414 2321 569 2392 ἆσόδοσιί
589 2328 646 2391 τοῦ
673 2327 761 2413 ἔργου
789 2323 873 2412 παρά
891 2324 926 2391 τό
948 2331 1051 2411 ἔργον,
1081 2328 1132 2392 καί
1151 2325 1189 2408 ἀτί
1211 2331 1263 2396 καί
1285 2328 1346 2414 τήν

237 2435 394 2518 ἐνέργειαν
408 2435 437 2511 ²)
463 2435 584 2518 ὁμοίως·
607 2438 658 2500 καὶ
680 2434 737 2500 οάκ
758 2432 816 2518 άρα
837 2442 951 2521 κίνησις
970 2435 990 2521 ἡ
1012 2439 1146 2518 ἐνέργεια
1166 2435 1245 2502 ἀλλά
1264 2439 1345 2520 μῖιλ-

247 2543 301 2609 λον
323 2547 419 2628 ἔργον.
440 2549 468 2610 εί
488 2541 523 2609 δὲ
543 2547 641 2609 ἐκεῖνο
663 2543 699 2608 τό
720 2540 880 2630 πρότερον,
900 2547 987 2610 ἔσται
1005 2572 1037 2609 τι
1054 2525 1105 2612 κάί
1126 2548 1180 2632 τῆς
1196 2545 1345 2631 κινήσεως

247 2652 332 2736 ἔργον
360 2649 395 2716 τό
417 2662 508 2718 κινεῖν
528 2648 569 2717 τά
586 2646 678 2716 ἀντα·
701 2654 786 2717 ἐσται
807 2649 864 2735 άρα
886 2650 983 2736 αὐτῆς
1003 2653 1054 2716 καὶ
1075 2655 1207 2738 ἐνέργεια
1228 2651 1346 2720 τοιίτου

247 2749 325 2823 οὖσα
350 2761 406 2823 τοῦ
433 2760 522 2845 ἔργου
543 2755 698 2833 ἀπόδοσις.
732 2763 772 2826 Εἰ
785 2758 810 2840 3)
832 2757 866 2822 ἀὲ
887 2785 906 2841 η
930 2758 1077 2835 ἀπόδοσις
1098 2753 1179 2845 αὕτη
1200 2755 1237 2825 τό
1255 2765 1345 2848 ἔργον

246 2868 341 2946 ἐστίν,
373 2863 485 2931 άτοπον
514 2865 569 2950 μὲν
589 2868 661 2940 ἴσως
687 2867 739 2932 καί
760 2865 795 2931 τό
814 2867 910 2947 ηάναι
935 2863 990 2951 τήν
1012 2870 1161 2951 ἐνέργειαν
1180 2871 1268 2951 ἔργον
1292 2861 1344 2937 οὗ·

248 3000 304 3041 σαν
324 2974 556 3062 ἀποπλήρωσιν,
588 2971 666 3040 αάτό
689 2973 766 3040 εῖναι
787 2972 823 3040 τὸ
844 2977 940 3058 ἔργον.
966 2981 1007 3040 Εί
1028 2974 1062 3040 δὲ
1081 2977 1113 3040 ἓν
1133 2981 1175 3062 τῷ
1196 2975 1344 3066 ἀποπλη-

249 3084 323 3168 ροῦν
350 3086 415 3149 ἐστι
443 3081 479 3148 τό
499 3085 603 3168 ἔργον,
639 3088 693 3148 καί
717 3086 780 3148 ἐστι
809 3080 843 3147 τό
870 3085 958 3164 ἔργον
979 3081 1054 3148 αὐτό
1074 3079 1110 3148 τό
1134 3082 1344 3172 ἀποπληροῦν,

246 3189 287 3268 ὥς
308 3186 345 3255 τό
367 3189 563 3278 ἀρχείσθαιὴ
586 3187 724 3276 ὄρχησις·
746 3187 816 3256 ἀλλ’
838 3193 922 3256 ἔσται
944 3193 1071 3277 καὶτῆς
1093 3189 1243 3280 τοιαιίτης
1261 3199 1343 3280 ἒιτρ·

246 3304 331 3377 γείας
351 3296 542 3384 ἀποτίλεσμά
562 3326 602 3376 τι,
623 3297 673 3363 διό
694 3299 746 3364 καί
767 3298 787 3383 ἡ
810 3302 941 3384 ἐνέργεια
961 3297 1184 3385 προβάλλεται·
1207 3306 1268 3366 τῶν
1288 3301 1345 3386 γάρ

247 3405 334 3470 ἕνεκά
348 3431 411 3472 του
432 3409 519 3473 πάσα
539 3408 670 3491 ἐνέργεια
688 3405 739 3471 καί
761 3403 798 3469 οὗ
813 3408 1047 3490 προηγουμένως
1059 3397 1095 3473 οά
1106 3413 1201 3472 ἕνεκα.
1217 3405 1345 3476 Ἔπειτα

222 3513 300 3578 ’καί
328 3513 483 3598 ἦκίνησις
505 3524 596 3578 κινεῖ·
627 3516 682 3578 τοῦ
707 3511 766 3599 γάρ
794 3510 956 3597 ίάιιίματος
985 3513 1096 3580 τούτου
1117 3515 1305 3604 μεταδοτικη
1324 3518 1343 3602 ἡ

247 3627 377 3706 κίνησις,
401 3623 441 3698 ὡς
462 3625 516 3686 τοῦ
540 3616 703 3704 ίστάνεινὴ
725 3621 848 3696 στάσις·
872 3613 949 3687 ἀίστε
970 3621 1022 3689 καί
1043 3622 1195 3708 ἐνεργήσει
1215 3625 1233 3710 ἡ
1258 3634 1342 3712 κίνη-

248 3755 295 3804 σις
315 3733 458 3815 καθάπερ
479 3729 499 3814 η
519 3729 640 3804 στάσις·
668 3727 723 3793 οὐκ
744 3723 804 3811 ἀρα
825 3737 942 3816 κίνησις
961 3731 982 3816 η
1004 3735 1150 3817 ἐνάργεια.

316 3937 345 4004 9)
366 3933 438 3984 Idem
460 3932 502 3984 καί
520 3949 574 3987 σπι.

319 4009 346 4066 ι)
366 4003 441 4056 Μοσ.
469 4008 517 4070 μὲν
540 4000 610 4053 infra
627 4005 654 4052 ίκ
670 4000 754 4068 τούτῳ
773 4005 847 4066 ἔχειν.

316 4076 347 4132 κ)
365 4070 437 4123 Idem
453 4071 501 4138 τὴν
519 4075 631 4142 ἐνέργεια
649 4069 692 4137 ἀγι.

315 4138 345 4204 ³)
366 4141 441 4193 Mon.
458 4139 505 4207 ἡδί
521 4139 548 4208 ίχ
567 4151 593 4193 et
610 4145 685 4211 ἔργου
704 4137 783 4193 σίοακ
801 4139 895 4194 ἀποπλ.
