2770 4840
237 239 306 317 tao

233 437 285 500 ααί
301 433 424 500 πολλῶν
435 435 486 500 καί
502 433 642 521 ἀπείρων,
664 429 702 500 ι’ίν
720 429 797 499 oiitut
813 429 898 527 τείχη,
920 429 976 516 την
996 431 1030 498 δὲ
1052 433 1091 506 ὡς
1114 431 1261 515 ἡνωμένον
1277 436 1311 504 ¹²)

233 545 285 607 uui
309 543 350 620 ὡς
377 546 450 608 ἑνῶν
475 543 527 608 καί
558 542 599 618 ὥς
627 541 831 629 περατοειδῶν
859 542 921 604 τῶν
947 536 1101 605 ἁπάντων.
1128 534 1204 615 λίλοις
1230 539 1312 623 γὰρῆ

233 655 292 716 τῶν
309 648 433 716 πολλῶν
449 649 526 738 ἀρχὴ
546 649 780 717 πολλοποιοδοα
801 647 972 734 διακριτική
992 674 1056 724 ποις
1078 651 1143 714 ἐστι
1164 648 1313 714 initiarat-

232 765 337 842 γείων,
367 759 428 824 εἴτε
455 756 545 824 δυοῖν
566 784 599 843 γε
619 753 746 845 πρώτων
755 760 816 838 ¹³),
835 757 898 822 είιε
917 753 1084 834 πλειόνων,
1112 757 1250 820 εἴτετοῦ
1268 781 1313 820 πε-

232 865 458 952 πληθυομίνου
479 865 583 944 ἅπλῶς
603 870 636 932 ἐν
658 869 701 950 τῷ
721 871 813 950 τρίτῳ
843 860 1060 950 πληρώματος·
1091 865 1109 944 ἡ
1131 863 1164 930 δὲ
1186 867 1241 931 τοῦ
1261 863 1316 938 ἑνός

234 973 565 1061 ίπαιαταλαμβόνουοα
587 970 622 1038 τό
645 970 704 1056 πρὸ
717 976 777 1038 τῶν
797 971 922 1039 πολλῶν
943 978 1042 1056 ἔνωμα
1064 985 1148 1038 ποιεῖ
1168 968 1241 1056 όπερ
1261 974 1316 1036 iou

233 1081 270 1148 τό
291 1080 410 1167 μιντόν“,
430 1083 495 1149 οἷον
512 1087 546 1149 ἒν
560 1082 656 1168 μερῶν
672 1085 724 1148 καί
747 1074 822 1148 iii-ov
844 1088 1036 1194 ρυγιιείμενον
1057 1085 1117 1147 τῶν
1137 1081 1317 1147 truttmunt

161 1199 165 1208 ’
235 1194 294 1256 τοῦ
314 1186 389 1268 ἑνός.

312 1289 384 1386 Ἆρα
401 1288 454 1366 οὖν
472 1305 506 1365 ui
520 1303 660 1384 μεθέξεις
676 1302 735 1364 τῶν
756 1295 812 1364 δόο
835 1297 928 1385 ἀργῶν
949 1297 1135 1366 ἀποτελοῦσι
1149 1295 1187 1364 τὸ
1206 1297 1318 1382 μικτόν,-

236 1405 333 1474 πάλιν
359 1404 415 1496 γόρ
441 1413 486 1485 εἰς
512 1403 547 1473 τό
568 1415 601 1474 ἒν
622 1409 674 1473 καί
691 1403 731 1474 τό
752 1404 853 1474 πολλοὶ
875 1407 916 1484 ὡς
937 1405 1015 1474 ὄντα
1035 1421 1170 1494 στοιχεῖα
1190 1407 1319 1490 ἐπανήκει

239 1517 255 1580 ὃ
280 1513 378 1601 λόγος.
423 1512 441 1583 ὃ
472 1513 510 1600 δὴ
533 1517 584 1582 καί
606 1511 676 1590 τοός
710 1509 900 1599 φιλοσόφους
932 1518 1097 1592 ποιοῦντας
1132 1514 1190 1580 otia
1222 1515 1319 1581 ἀποδε-

235 1625 367 1708 χόμεθα.
747 1645 750 1652 “
814 1609 837 1656 ⁵

312 1727 362 1796 ”H
385 1727 422 1795 τό
450 1735 555 1816 τρίτον
584 1737 618 1796 ἓν
645 1735 700 1814 μέν
730 1733 795 1796 ἐστι
821 1727 897 1796 κατὰ
923 1727 982 1814 την
1007 1731 1133 1814 μέθεξιν
1165 1739 1223 1797 τοῦ
1256 1731 1321 1810 ἑνός,

236 1837 338 1906 ’πολλὰ
368 1839 402 1905 δὲ
429 1841 481 1905 καί
509 1839 574 1904 οίον
601 1835 754 1925 πολλότης
780 1836 861 1905 κατὰ
887 1835 942 1924 την
968 1833 1034 1902 ἀπό.
1052 1843 1106 1923 τῆς
1131 1838 1272 1927 δευτέρας
1287 1843 1319 1918 lt)

236 1948 331 2036 ἀρχῆς
349 1947 475 2034 ὁμοειδῆ
495 1946 647 2035 πρόοδον,
668 1949 720 2013 καὶ
742 1944 827 2014 οίίπω
849 1945 885 2012 τό
905 1941 1027 2031 μικτόν,
1049 1983 1088 1994 ·-

316 2055 413 2125 Ἀλλὰ
432 2061 523 2123 τοῦτο
542 2057 599 2141 μὲν
619 2053 790 2141 παράγεται
810 2053 870 2121 ἇπὸ
891 2056 944 2138 μὲν
968 2059 1021 2138 τῆς
1040 2055 1134 2140 ἀρχῆς
1153 2055 1221 2120 οἷον
1241 2082 1320 2142 μονο-

237 2163 340 2244 εῑδῶς,
367 2162 428 2230 ἀπό
455 2163 489 2229 δὲ
519 2164 574 2250 της
602 2161 746 2250 δευτέρας
768 2163 834 2229 οἷον
854 2162 1014 2240 δυοειδτδς,
1044 2161 1129 2229 καθὸ
1156 2168 1210 2230 καὶ
1228 2163 1322 2250 μικτόν

238 2267 413 2354 ὀνομάζεται
420 2319 428 2350 ,
454 2267 510 2336 ἀπ’
532 2271 644 2356 ἀμφοῖν
664 2270 908 2356 δὲ’ἕτεροειδῶς,
930 2269 969 2346 ὡς
990 2266 1095 2354 μικτὸν
1115 2269 1174 2338 ἀπό
1196 2272 1320 2356 ἇμίκτοα,

161 2446 164 2451 ,
238 2373 383 2462 καθάπερ
410 2377 553 2464 ὁμοειδεῖς
582 2379 641 2447 ἀπ’
658 2375 773 2464 ἀμφοῖν
794 2378 834 2454 ὥς
856 2384 890 2444 ἓν
909 2376 1008 2445 πάντα
1030 2379 1081 2443 καί
1101 2378 1205 2446 πολλὰ
1224 2379 1319 2446 πιίνια.

317 2483 446 2573 'Euenit
474 2486 508 2554 δὲ
537 2493 572 2554 αῖ
597 2491 738 2573 μεθέξεις
764 2485 942 2574 ἆντιδρῶοιν
969 2493 1012 2562 εἰς
1039 2483 1189 2570 ἀλλήλας,
1212 2490 1274 2556 οἷον
1287 2490 1321 2569 ¹⁵)

237 2607 392 2684 γεγονυῖαι
423 2595 597 2682 ὃμοταγεῖς,
634 2597 828 2682 ἐπληθύνθη
855 2595 910 2678 μὲν
936 2593 972 2660 τὸ
991 2601 1025 2661 ἓν
1046 2597 1098 2660 καί
1118 2594 1262 2682 διεκρίθη
1288 2603 1323 2671 είς

236 2705 348 2785 πλείω,
378 2707 535 2798 συνηρέθη
554 2703 588 2770 δὲ
608 2703 648 2770 τὰ
666 2703 767 2770 πολλοὶ
789 2706 839 2768 καί
861 2707 980 2789 γέγονεν
1001 2702 1133 2789 ὃμοφυῇ.
1158 2753 1165 2768 .
1191 2753 1199 2770 .

289 2887 335 2949 tt)
355 2885 428 2939 Mon.
446 2884 588 2954 ἦννσμόνοιν
605 2883 641 2938 Η.
658 2887 796 2954 ἓνοιμίνονν.
816 2884 865 2939 tic.
887 2883 960 2934 Mon.
979 2887 1022 2936 καὶ
1040 2884 1101 2936 ἑνῶν
1122 2884 1228 2938 omitto
1246 2883 1284 2946 ὥς.

294 2953 337 3019 15)
357 2954 431 3008 Noa.
449 2956 563 3025 πρῶτον.
583 2953 681 3006 Hamb.
700 2959 726 3006 tv
743 2957 778 3022 τῷ
797 2957 876 3024 τρίτῳ
897 2954 1079 3022 πληρώματος.
1128 2953 1245 3006 Omnino
1262 2955 1322 3007 enim

238 3023 384 3078 Multorum
401 3023 587 3094 principium,
616 3024 703 3077 Multa
720 3023 881 3085 efficiendo,
906 3023 1107 3093 quodammodo
1128 3024 1267 3080 Elementa
1289 3043 1322 3077 se·

233 3095 341 3157 cernit,
365 3093 424 3146 aive
444 3094 499 3146 duo
518 3095 622 3174 prima,
649 3093 705 3146 eive
744 3093 825 3162 lura3
845 3093 903 3143 eive
923 3091 1032 3162 copiam
1051 3091 1215 3164 simpliciter
1231 3095 1258 3146 in
1276 3107 1322 3151 ttr-

235 3163 275 3216 tio
294 3162 432 3236 principio
451 3163 643 3234 multigenam3
665 3175 690 3215 et
707 3187 708 3190 ¹
735 3164 794 3214 niue
813 3160 994 3231 principium,
1020 3163 1132 3215 Unimen
1152 3164 1246 3216 Multis
1264 3180 1321 3246 pre·

235 3231 308 3286 vium
326 3231 504 3304 arripiendo,
523 3233 552 3284 id
571 3231 698 3297 coniicit,
718 3232 793 3303 quod
812 3231 925 3282 utinum
944 3243 999 3296 ent,
1018 3232 1091 3284 velut
1110 3251 1141 3283 ex
1159 3235 1283 3287 membru
1301 3244 1323 3286 et

239 3300 329 3365 Toto,
348 3320 380 3354 ex
398 3301 490 3353 multia
509 3301 565 3354 illia
587 3314 614 3354 et
631 3318 684 3353 uno
703 3301 855 3354 conflatum.
881 3301 955 3354 Μοο.
974 3301 993 3351 l.
1013 3303 1134 3369 ἐπιλαμβ,

291 3375 337 3438 τί.)
356 3370 390 3422 ll.
409 3370 462 3423 tut
479 3373 527 3437 τῆς
570 3372 716 3441 ευδοτίρας.
745 3372 810 3424 Mox
835 3369 900 3456 lopo
926 3371 1071 3440 παράγεται
1089 3369 1114 3423 ἀ.
1132 3393 1161 3440 μ.
1181 3392 1205 3424 τ.
1230 3369 1323 3439 πρότηε

240 3439 265 3492 ί.
292 3439 379 3492 Paulo
397 3451 461 3510 poet
481 3387 577 3493 Humi.
598 3439 726 3505 ὁμοειδεῖς
744 3439 777 3500 ὡς
795 3439 820 3492 ίν
839 3459 937 3502 παντο,
955 3440 1040 3491 πάντα
1058 3442 1210 3493 καὶπολλὰ.

293 3509 335 3575 15)
356 3509 429 3561 llllou.
449 3513 501 3562 οἷα.
519 3512 574 3563 Pro
595 3511 625 3562 ἕν’
638 3509 781 3581 legendum
800 3525 896 3562 censeo
912 3509 1070 3575 ἐπληθύνθη
1087 3515 1134 3579 μὲν
1152 3511 1184 3564 τὸ
1196 3508 1252 3563 Ὃν.
1265 3509 1322 3561 Mox

236 3579 313 3632 Mon.
340 3579 360 3630 l.
383 3577 470 3639 ἓνοιοις
494 3583 530 3648 ίγ.
555 3598 614 3632 πεπ.
642 3600 665 3632 ο.
684 3600 709 3631 τ.
729 3599 749 3630 ε.
775 3581 801 3631 tv
825 3577 923 3644 πλήθει
944 3583 995 3631 τῶν
1013 3579 1114 3632 πόλλῶν
1132 3583 1157 3631 ἐν
1175 3583 1227 3632 lvi·
1244 3577 1322 3630 medin

237 3665 318 3701 voco.
337 3664 390 3700 om.
429 3647 497 3701 Cum
515 3665 581 3702 vero
599 3649 756 3730 largitiones
776 3667 798 3702 ε.
818 3647 1040 3719 participationes
1058 3650 1086 3700 in
1105 3649 1192 3702 vicem
1212 3651 1280 3700 inter
1297 3663 1321 3698 st

170 3745 172 3750 ·
237 3717 357 3789 agitent,
382 3729 408 3769 et
430 3717 589 3788 impellant,
613 3737 715 3790 quippe
739 3737 798 3789 quae
823 3719 850 3769 in
874 3737 954 3770 unum
973 3719 1052 3789 quasi
1072 3719 1229 3790 conjugium
1247 3715 1321 3790 perti-

190 3812 197 3829 κ
237 3798 329 3850 neunt,
354 3785 444 3838 Unum
463 3787 672 3858 multiplicatum
692 3799 718 3840 et
734 3789 762 3840 in
781 3787 866 3840 Plura
885 3787 1027 3840 diremtum
1048 3801 1105 3857 τοῖς
1126 3789 1243 3842 Multae
1263 3802 1321 3838 con·

234 3857 320 3909 trario
349 3867 489 3908 contracta
514 3869 539 3908 et
566 3856 635 3910 facie
659 3869 685 3909 et
715 3862 808 3910 natura
834 3857 911 3926 paria
934 3858 1096 3911 factasunt.
1141 3859 1203 3910 Ηεεο
1222 3856 1321 3912 affectio

234 3923 316 3978 nobie
334 3925 463 3979 audiebat
483 3927 594 3991 Unt'n'o,
628 3945 686 3998 quae
714 3926 825 3980 affectio
846 3929 1039 3997 susceptioqne
1060 3929 1146 3980 Uniue
1167 3929 1192 3979 in
1211 3926 1320 3979 multitu-

235 3994 296 4047 dine
316 4007 366 4047 ett.
412 3994 505 4049 Altera
525 3995 634 4050 affectio
656 4009 714 4048 erat
735 3997 870 4061 secretio,
896 3995 925 4047 id
943 4009 1000 4060 est,
1023 3996 1131 4050 allectio
1149 3997 1320 4069 receptioque

235 4063 383 4117 lllultorum
402 4064 429 4116 in
450 4065 523 4119 Uno.
562 4064 607 4119 sic
627 4067 732 4120 tandem
751 4068 779 4118 in
800 4068 880 4118 tertio
898 4065 1038 4136 principio
1059 4066 1151 4121 Unitio
1172 4080 1196 4120 et
1213 4063 1320 4120 secretio

235 4147 421 4188 convenerunt
433 4173 440 4199 ‚
474 4155 505 4186 ex
525 4136 626 4205 quihus
648 4149 734 4190 totum
753 4136 864 4188 lllixtuni
884 4135 1000 4188 coaluit.
