2828 4832
230 217 299 301 ⁵0ss

230 413 296 483 ὄντι
319 417 397 484 κατὰ
418 421 513 502 φάσιν
537 417 706 508 τριμόρφηι,
736 419 788 488 καί
808 416 864 499 τῖλε
884 417 946 507 πρό
976 417 1075 495 νῧτθῦ
1100 416 1190 510 ⁰⁶¹sz
1216 419 1312 510 (geme

228 529 261 592 ίν
280 524 441 612 κατόπτρῳ
468 528 591 612 ὁρῶντες
610 525 765 616 τριαδικάς
793 532 1021 618 φανταζομόνας
1050 529 1315 618 καταλαμποάοας

228 630 327 700 αὐτοῦ
347 629 401 711 τάς
420 646 500 720 τρεῖς
518 631 616 721 πάντη
636 633 767 721 μορφάς,
788 632 885 722 όίςπερ
905 641 939 704 ἐν
958 640 1004 723 τηῖ
1016 640 1102 722 νέφει
1115 651 1201 723 τρεῖς
1214 643 1315 726 ἔχοντι

228 740 399 818 διαστάσεις
417 740 618 828 κατοπτρικάς
636 742 658 828 ἡ
679 742 837 829 μονοειδὴς
856 749 1030 831 ἐμφαίνεται
1050 750 1108 814 τοῦ
1130 747 1221 836 ἡλίου
1237 744 1313 836 γρόα

228 847 306 914 κατὰ
320 844 376 932 τὴν
390 847 609 934 ίνδαλλομόνην
619 850 815 938 πολίηρωμον
825 851 893 940 ίριν.
920 857 1091 940 Τοιγαροῦν
1101 855 1153 920 καί
1168 849 1312 937 Σωκρά-

228 983 298 1041 της
317 961 349 1023 ἐν
361 961 406 1044 τηῖ
429 955 592 1045 Φιλὴβη
610 955 689 1044 πρός
700 956 781 1026 τόίν
798 958 947 1046 ἐκείνομὴ
962 960 1106 1041 δυνηθείς
1123 959 1313 1049 άντωπὴσαι,

227 1062 280 1132 διά
296 1062 371 1132 αὗτό
393 1064 517 1152 τριάδος
536 1063 751 1154 παρεδήλωσεν
766 1069 820 1154 τῆς
838 1071 872 1134 &r
892 1065 1067 1154 προθύροις
1086 1067 1182 1136 αὐτοῦ
1202 1097 1313 1155 τεταγ-

226 1177 332 1259 μένης,
360 1164 402 1250 δίς
421 1199 508 1260 φησι,
535 1173 655 1250 πάντας
682 1168 730 1241 ότι
749 1173 893 1261 ἡνωμένην
920 1174 1052 1244 κατιδών
1079 1183 1313 1264 μαρμαίρουσαν

184 1357 188 1364 ,
227 1277 285 1367 τὴν
304 1280 412 1367 τριάδα
432 1279 511 1347 κατόν
527 1279 585 1367 τὴν
603 1288 678 1367 μίαν
697 1279 795 1365 αὐγὴν
820 1285 874 1359 τίς
899 1281 1018 1360 ἕνάδος·
1052 1278 1131 1360 όλως
1156 1285 1192 1352 δὲ
1212 1285 1253 1361 ὡς
1272 1281 1313 1350 τά

227 1385 321 1468 ἄλλα,
342 1391 394 1455 καί
414 1384 472 1475 τὴν
490 1387 598 1474 τριάδα
619 1385 697 1456 κατά
714 1389 920 1469 ἔνδειξινιέκεί
939 1388 1095 1477 ἆνάγομεν.
1139 1391 1207 1460 Καί
1228 1393 1311 1477 ὧςὴ

103 1489 108 1498 ’
226 1497 329 1584 πρώτη
351 1494 422 1583 ἆρχὴ
444 1494 548 1582 μονάς,
578 1500 630 1564 καί
648 1498 669 1582 ἡ
689 1498 814 1580 δευτέρα
834 1497 913 1576 δυάς
933 1497 1086 1584 ἀόριστος,
1117 1497 1139 1586 ἡ
1168 1499 1202 1566 δὲ
1224 1507 1312 1587 τρίτη

202 1605 327 1691 .τριάς,
348 1599 396 1670 ότι
416 1598 495 1691 αὕτη
516 1607 570 1691 μὲν
589 1605 667 1672 κατά
680 1607 705 1688 ⁵)
726 1603 927 1693 ίπιοτροφὴν,
946 1605 967 1692 ἡ
983 1606 1016 1674 δὲ
1037 1606 1098 1693 πρὸ
1118 1607 1215 1693 αότὴς
1234 1607 1308 1674 κατά

199 1733 207 1747 ·
227 1709 323 1801 μονὴν
342 1716 519 1798 ἐθεωρεῖτο,
543 1708 622 1780 οὕτω
641 1714 693 1780 καί
709 1706 800 1800 ἡόλη
820 1709 881 1780 ἆπό
900 1715 1014 1782 τούτων
1034 1719 1210 1801 συγκειμένη
1225 1712 1311 1798 τριάς
1399 1751 1400 1760 ¹

227 1819 282 1886 οὔκ
303 1825 335 1886 ἐκ
354 1817 492 1904 μονάδων
512 1822 594 1887 ἐστίν
615 1819 655 1897 ὥς
675 1819 760 1887 δοκεῖ
775 1815 882 1908 τριῶν,
908 1819 972 1888 ἄλλ’
994 1814 1042 1888 ’ότι
1060 1829 1115 1907 μία
1135 1825 1216 1916 ἐστίν
1235 1829 1311 1890 ἕνα·

226 1953 275 2004 σις
290 1926 440 2014 παντελὴς
460 1927 482 2013 ἡ
504 1925 580 2012 αι’πὴ
600 1931 731 2012 μένουσα
751 1929 803 1995 καί
821 1932 972 2014 προϊοῦσα
991 1932 1044 1996 καί
1063 1933 1312 2016 ἐπιστρεφομένη,

227 2033 297 2103 οὐδὲ
316 2039 414 2102 ταῦτα
435 2033 476 2112 ὥς
495 2041 562 2122 τρία
581 2032 676 2115 άττα,
696 2033 761 2103 ἀλλ’
784 2035 824 2112 τίς
844 2042 877 2101 ἓν
895 2034 957 2122 πρό
976 2023 1037 2104 τοῖν
1056 2040 1145 2132 τριῶν
1165 2035 1234 2122 όγρι
1247 2041 1310 2103 τῶν

225 2141 357 2233 ε’σχάτων
372 2144 601 2231 ἐκλογιζόμενοι,
634 2145 688 2212 καί
715 2147 749 2211 ίν
768 2147 811 2230 τηῖ
829 2149 921 2230 τρίτῳ
943 2141 1009 2211 όντι
1027 2141 1106 2222 κατά
1128 2132 1221 2230 φύσιν
1239 2171 1310 2230 τρι·

224 2251 346 2340 μόρφῳ,
366 2255 419 2320 καί
435 2247 494 2330 τάς
512 2249 573 2340 πρό
592 2249 692 2320 αὐτοῦ
718 2247 807 2338 άργάς
826 2250 868 2318 τά
890 2258 959 2340 τρία
984 2251 1162 2338 δυνάμενον.
1217 2261 1311 2340 Τρεῖς

226 2352 286 2429 τόν
305 2368 337 2428 οῖ
357 2363 494 2446 πατέρες,
514 2356 535 2446 ἡ
554 2359 612 2444 είςς
631 2357 653 2446 ἡ
663 2356 735 2426 οότε
755 2356 792 2426 τό
811 2357 855 2437 είς
874 2356 951 2444 ὑπὲρ
971 2364 1073 2428 πᾶσαν
1085 2358 1209 2447 τριάδας
1222 2353 1310 2454 ,ὥστε

224 2472 277 2537 καί
296 2467 371 2556 ὑπὲρ
391 2465 427 2534 τό
448 2475 481 2534 δν
502 2459 602 2548 ίίπαν,
634 2464 653 2533 ό
672 2466 747 2554 πρός
766 2469 863 2535 ταῦτα
878 2466 1194 2554 ’όιντιδιαστελλόμεθα
1215 2470 1311 2546 ὡςὲν

224 2574 301 2665 πρός
320 2573 378 2642 δόο
398 2577 449 2643 καί
468 2581 551 2660 τρία·
571 2573 623 2641 καί
640 2570 770 2659 δόναμις
789 2571 850 2662 άρα
870 2573 941 2640 οὔτε
959 2581 1028 2659 μία,
1049 2573 1117 2645 οότε
1136 2589 1235 2660 τρεῖς,
1256 2580 1310 2645 καί

223 2684 291 2760 νόος
307 2689 345 2752 σί
365 2683 443 2750 κατά
462 2680 497 2750 τό
519 2683 672 2770 ἡνωμένον
696 2680 820 2767 ὁμοίως·
853 2681 927 2749 οὐδὲ
953 2679 1017 2770 γάρ
1036 2686 1069 2750 ἐν
1093 2687 1138 2769 τῷ
1161 2685 1309 2772 ἡνωμένην

224 2789 260 2861 τό
279 2800 312 2860 δν
331 2795 383 2859 καί
402 2787 441 2858 τά
459 2789 514 2858 δόο
535 2790 588 2858 καί
598 2784 637 2856 τά
646 2796 714 2876 τρία
734 2789 905 2878 διώρισται,
925 2787 986 2858 ἀλλ’
1004 2784 1099 2878 όίςπερ
1114 2789 1190 2878 ὑπὲρ
1204 2791 1309 2861 πάντα

224 2897 380 2988 διορισμόν
406 2895 445 2966 τά
470 2902 547 2979 ἐκεῖ,
577 2887 657 2964 οίίτω
687 2899 738 2964 καί
765 2898 842 2984 ὑπὲρ
861 2895 917 2966 τόν
942 2895 1063 2980 πάντων
1088 2896 1309 2984 πρεςβότατον.
1399 2905 1400 2926 ’

150 3007 154 3016 ’
226 3004 314 3088 οὗτος
334 3009 370 3076 δέ
388 3012 469 3076 ἐστιν
489 3002 513 3074 ’ό
525 3033 560 3094 γε
586 3002 654 3085 ἑνός
678 3010 731 3075 καί
758 3007 846 3076 δυοῖν
873 3010 926 3076 καί
957 3013 1067 3093 τριῶν,
1102 3007 1181 3076 Ἀλλ’
1204 3015 1233 3076 εί
1256 3013 1310 3078 καί

225 3113 319 3197 οἱίτως
337 3122 416 3206 ἔχοι,
450 3107 546 3202 όίςτιερ
567 3121 627 3203 ἔχει
646 3113 724 3196 κατά
744 3113 900 3203 ἀλήθειαν
920 3112 1015 3202 ίκείνη
1044 3113 1194 3203 ἡφόοις,
1227 3111 1310 3202 όμως

223 3225 379 3314 ἀνάγομεν
398 3230 442 3303 είς
462 3219 559 3310 αδτὴν
579 3231 748 3309 σαφηνείας
767 3229 853 3290 ἕνεκα
872 3225 926 3290 καί
950 3233 1131 3311 συμμετρίας
1156 3227 1212 3310 τὴς
1231 3222 1308 3311 πρός

223 3333 408 3420 ἇνδροίπους
427 3329 464 3400 τά
485 3327 651 3417 σεμνότατα
672 3335 733 3400 τῶν
752 3329 805 3399 ἄπ’
822 3331 916 3414 αιἰτὴς
935 3336 988 3399 καί
1006 3339 1073 3418 μετ’
1087 3329 1183 3417 αιἀἡν
1194 3333 1308 3422 προελ

222 3439 361 3523 δόντων,
386 3441 449 3508 οίον
469 3439 505 3507 τό
519 3439 575 3521 δν,
594 3441 635 3507 τά
646 3437 757 3522 πολλά,
777 3441 814 3508 τό
828 3442 987 3528 ἡνωμένον,
1008 3438 1160 3528 τάγαθόν,
1178 3439 1217 3508 τό
1228 3443 1307 3508 πάν-

222 3578 284 3619 των
303 3553 415 3631 αἴτιον,
434 3544 471 3616 τό
489 3552 599 3634 πέραν,
630 3544 665 3616 τδ
686 3547 827 3637 άπειρον,
861 3549 897 3616 τό
915 3545 1039 3635 μικτόν,
1077 3541 1135 3616 όσα
1163 3577 1199 3616 τε
1224 3547 1307 3619 άλλα

222 3658 454 3744 τοιουτότροπα,
483 3659 534 3723 καί
559 3655 598 3740 δὴ
630 3657 683 3722 καί
709 3657 764 3722 τοῦ
793 3655 997 3746 διωρισμένου
1019 3652 1056 3724 τό
1086 3656 1233 3735 παντελὲς
1254 3662 1306 3725 καί

222 3765 378 3844 παντελῶς
391 3765 574 3850 ὖφεστῶτος,
594 3759 615 3830 ά
632 3759 669 3849 δὴ
681 3761 768 3848 τριόις
788 3765 846 3850 ἔχει
860 3767 912 3830 καί
925 3764 944 3850 ἡ
955 3767 1009 3848 τῆς
1020 3763 1145 3862 τριάδος
1158 3761 1305 3850 πρόοδος.
1399 3759 1400 3774 ’

289 4038 318 4102 5)
336 4032 410 4085 Mon.
428 4031 493 4083 κατά
511 4027 634 4101 neglexit.
670 4024 784 4081 Inferius
804 4028 846 4082 W.
864 4027 1017 4098 δυνάμενοι,
1043 4027 1093 4082 ubi
1113 4027 1204 4082 codd.
1224 4027 1305 4082 δυνά-

220 4121 299 4172 μενον
316 4103 417 4175 legunt.
437 4099 480 4156 Cf.
500 4113 591 4172 κυρεῖ.
610 4099 686 4154 Mon.
703 4097 755 4170 πρὸ
773 4097 823 4152 δάο
840 4111 866 4153 εί
882 4097 930 4152 ἄλλ
947 4102 1003 4155 τίκ.
1019 4119 1043 4153 ο.
1054 4103 1113 4167 &aa
1125 4125 1162 4143 ⁸·-
1172 4111 1201 4155 σί
1212 4099 1303 4153 εἵνεκα.
