2770 4840
1087 253 1156 336 τεο

1 377 2 404 λ

1 479 2 520 1
59 444 209 531 σύμφυσις
238 453 305 510 τοῖν
332 440 430 508 δυοῖν.
479 439 615 523 Μὴποτε
630 441 657 522 7)
690 438 723 504 δὲ
758 444 817 505 τοῦ
843 439 898 521 μὲν
927 437 996 512 ἑνός
1023 438 1075 502 καί
1101 441 1156 504 τοῦ

58 554 213 638 ἡνωμένον
232 548 336 630 όντος,
360 547 403 615 τά
424 545 556 615 πολλά
577 551 610 614 έν
629 551 730 632 μέσῳς
758 553 790 610 ἓν
811 545 865 630 μὲν
887 543 960 610 ὄντα
982 547 1045 623 ἔτι,
1065 541 1155 608 σύπω

1 671 3 728 λ
59 661 92 726 δὲ
112 661 286 747 ἡνωμένον,
307 656 386 724 ἀλλά
412 655 514 723 πολλοί
537 656 577 730 ὥς
597 661 631 721 έν
656 657 701 720 ἔτι
721 657 773 718 καί
793 652 971 736 ἑνούμενον,
992 655 1075 737 εἴπερ
1095 648 1156 736 ἄρα

57 768 97 843 ὡς
117 772 243 852 μετέχον
262 768 318 831 τοῦ
340 763 423 842 ἑνός,
445 761 588 829 καθόσον
609 761 711 828 πολλὰ
732 757 933 854 τὴῖδιότητι·
955 762 1012 824 τοῦ
1027 757 1061 824 δὲ
1074 751 1156 832 λύσεως

1 901 2 964 ἡ
56 881 88 938 έν
108 873 230 958 λέγοιτο
252 870 318 948 ἑνός
338 873 389 938 ναί
410 875 465 954 τὴς
484 869 680 956 διωρισμένης
701 866 810 944 οάσίας
833 862 869 932 τό
888 867 1042 954 ἡνωμένον
1062 891 1156 950 μετα-

57 978 101 1060 ξύ,
120 983 237 1066 μᾶλλον
256 979 290 1046 δὲ
311 978 378 1046 ἀντὶ
399 980 516 1048 τούτων
537 978 657 1044 πάντων
673 982 767 1043 έκεῖνο
789 979 906 1061 ῥητέον,
926 972 1003 1040 κατά
1024 971 1061 1039 τό
1077 972 1154 1056 ἀλη-

58 1094 229 1167 θέστατον,
264 1089 304 1166 ὡς
331 1085 368 1154 τὸ
393 1089 448 1170 μὲν
476 1083 662 1169 ὖπερούσιον
688 1092 720 1149 ἓν
750 1083 911 1170 λεγόμενον
938 1080 1007 1148 ούτε
1036 1078 1070 1146 ἀν
1090 1086 1156 1146 ἐστι

59 1195 129 1263 ούτε
153 1203 202 1275 έν,
222 1195 301 1262 αατά
322 1185 479 1274 ἀλὴθειαν
494 1192 530 1259 τό
551 1183 833 1277 ἀντιδιαιρούμενον
850 1195 894 1276 τῷ
915 1187 995 1268 ἀντι,
1018 1188 1058 1264 ὡς
1080 1185 1154 1274 6211-

56 1332 130 1389 ματι
161 1303 319 1389 ὀχούμενον
344 1301 366 1387 ἡ
396 1297 472 1379 ὅλως
492 1300 788 1383 ἀντιδιαιρούμενον,
819 1297 887 1364 ἀλλ’
907 1298 981 1382 ὑπὲρ
1002 1293 1093 1381 ἀμφω
1107 1297 1153 1376 ⁸),

57 1417 108 1480 καί
140 1408 161 1478 ὃ
187 1419 265 1498 φησί
292 1429 341 1488 ’τις
365 1410 449 1477 ἐἶναι
469 1406 596 1476 ναίἝν
616 1410 682 1474 ναί
696 1405 769 1476 ”ον.
790 1404 882 1474 Ἀλλά
906 1402 942 1472 τό
962 1402 1020 1488 πρό
1043 1404 1155 1488 ἀμφοῖν

57 1529 87 1588 έν
116 1525 174 1610 μιᾷ
200 1516 237 1586 τό
273 1517 504 1605 συναμφότερον
537 1515 688 1601 ἁπλότητι
713 1512 944 1601 θεωρούμενον,
982 1516 1090 1590 οίονί)
1118 1513 1152 1578 δὲ

56 1625 154 1693 τοῦτό
174 1631 221 1703 έν,
249 1629 392 1692 τοιοῦτον
418 1625 572 1710 ἡνωμένον
593 1629 704 1702 έκεῖνο,
735 1620 805 1688 σύτο
826 1630 859 1688 έν
879 1624 1060 1709 ἡνωμένον,
1073 1624 1153 1693 ἀλλά

56 1733 92 1801 τό
118 1729 184 1818 πρό
202 1733 316 1817 ἀμφοῖν
336 1737 505 1821 ἡνωμένον,
527 1734 567 1808 ὡς
585 1738 680 1798 ἐκεῖνο
702 1738 745 1796 έν.
769 1730 824 1806 Ὡς
843 1728 899 1816 μύρ
919 1736 1013 1800 τοῦτο
1032 1734 1152 1820 ἡγεῖται

55 1847 214 1930 ἐκατέρου,
235 1838 416 1929 προειληφός
435 1840 573 1927 ένύτερσν
595 1839 617 1926 ἡ
637 1840 765 1913 ἁπλοῦν,
788 1841 885 1934 ταύτῃ
906 1843 958 1906 ναί
978 1837 1013 1906 τό
1033 1841 1150 1926 ἡνωμέ-
1168 1877 1233 1933 pag,

55 1979 109 2018 νον
129 1949 299 2039 προείληφε
328 1948 363 2017 τό
391 1951 543 2038 ἡνωμένον
564 1949 665 2016 αάτοῖν
686 1949 760 2032 πρός
781 1947 902 2034 ἄλληλα
921 1950 974 2017 καί
995 1976 1151 2035 συμπεφυ·
1176 1947 1234 1999 ¹⁰9·

56 2059 109 2137 κός
132 2063 185 2126 ναί
201 2061 319 2146 ἡγεῖται
338 2063 394 2125 τού
415 2088 448 2126 τε
468 2057 534 2134 ἑνὸς
549 2061 601 2124 καί
620 2061 676 2124 τοῦ
695 2055 798 2136 όντος,
819 2055 859 2133 ὦς
871 2054 934 2140 πρό
954 2057 1067 2142 ἀμφοῖν
1086 2061 1152 2142 μέν,

56 2176 159 2254 ἔνωμα
184 2167 219 2233 δὲ
247 2167 368 2252 ἀμφοῖν.
405 2167 523 2234 Ούνούν
551 2164 585 2231 τό
606 2165 659 2251 μὲν
679 2161 738 2249 πρό
760 2164 874 2248 ἀμφοῖν
893 2172 943 2243 ἓν,
964 2163 1053 2250 ἀμφω
1076 2167 1152 2232 νατά

56 2274 91 2341 τό
114 2270 343 2355 ἁπλούστατον,
365 2271 384 2338 ό
405 2277 457 2340 καί
470 2273 576 2350 ἁπλῶς
596 2272 791 2354 ὖπερούσιον·
815 2273 850 2336 τό
872 2271 905 2338 δὲ
926 2271 983 2360 πρό
1005 2277 1152 2361 ἑκατέρου

1 2431 2 2438 1
54 2385 210 2468 ἡνωμένον
235 2379 329 2467 ἀμφω
349 2379 427 2450 νατά
445 2381 481 2449 τό
502 2375 696 2466 συμπεφυκὸς
717 2378 832 2463 ἀμφοῖν
852 2380 928 2465 ὑπὲρ
948 2376 1038 2466 ἄμφω
1059 2409 1153 2465 μετα-

55 2490 170 2556 δοῦναι
190 2493 303 2556 ταῦτα·
323 2498 424 2574 τρίτον
446 2489 464 2570 ἡ
486 2492 636 2574 σύμφυσις
659 2487 699 2563 ὡς
720 2489 843 2572 ἑτέρων·
870 2483 920 2553 διό
940 2491 992 2553 καί
1014 2491 1033 2574 ἡ
1054 2490 1153 2576 έτερό·

56 2624 109 2682 της
139 2603 410 2680 συναναφαίνεται,
440 2595 503 2661 ἀνω
532 2595 566 2661 δὲ
592 2591 631 2660 τά
659 2594 713 2658 δύο
742 2594 812 2678 μέν,
837 2591 915 2659 ἀλλά
937 2593 1014 2663 ιιατά
1029 2596 1069 2661 τό
1094 2601 1153 2682 πρὸ

56 2705 170 2791 ἀμφοῖν
193 2705 366 2789 ἡνωμένον,
389 2700 533 2771 ἀνωτάτω
554 2704 588 2771 δέ
611 2703 688 2785 ύπέρ
709 2699 800 2786 ἄμφω
821 2703 891 2786 μέν,
913 2703 993 2770 ἀλλά
1017 2703 1094 2770 κατὰ
1117 2705 1152 2772 τό

57 2822 96 2880 ἓν.
139 2816 255 2899 Διόπερ
283 2812 493 2879 ὃΠλιίτων
519 2810 593 2897 μετά
623 2811 659 2880 τό
676 2811 778 2918 {Q
799 2810 943 2894 διέκρινεν
972 2812 1081 2882 ούοίαν
1100 2819 1153 2882 καὶ

57 2927 87 2986 έν
107 2920 164 2986 ἀπ’
186 2909 324 3002 ἀλλὴλων
345 2917 405 3003 ἤδη
428 2916 481 2984 δαί
502 2945 584 2994 τινος
605 2919 788 3004 ἑτερότητος.

143 3023 191 3092 Τό
213 3024 271 3113 ἀρα
292 3030 414 3110 μέσον
437 3025 507 3092 ούτε
528 3034 573 3105 έν,
596 3027 664 3092 οὔτε
687 3026 729 3107 ὃν,
751 3025 828 3094 ἀλλά
849 3037 882 3094 ἓν
899 3026 938 3096 ,όν
961 3029 1002 3104 ὡς
1021 3035 1076 3113 μία
1092 3025 1148 3112 φύ-
1163 3048 1237 3130 cap,

55 3161 102 3210 αις
122 3131 211 3218 ἀμφω
231 3134 433 3220 προειληφυῖα
452 3131 530 3200 κατὰ
549 3130 585 3198 τό
604 3133 755 3218 ἡνωμένον
775 3133 813 3200 τίι
832 3133 912 3203 ια’τω
930 3134 1150 3220 διακρινόμενα.
1175 3130 1226 3214 69.

55 3236 151 3324 Μὴτε
173 3229 229 3304 ούν
251 3239 357 3306 ούσίαν
376 3238 479 3318 ἁπλῶς
499 3241 611 3326 λεγέτω
631 3269 678 3317 τις
691 3241 767 3306 εἶναι
788 3238 844 3326 τὴν
864 3241 1015 3328 μεσότητα
1036 3243 1151 3331 ταύτην

56 3345 138 3434 μὴτε
161 3353 193 3412 έν
218 3345 344 3426 ἀπλως,
381 3346 453 3414 ἀλλ’
482 3345 553 3432 ἡτοι
579 3346 731 3434 μεσότητα
764 3348 877 3433 ἀμφοῖν
905 3349 981 3436 πρὸς
1011 3351 1152 3435 έκιίτερον

58 3457 285 3544 φανταζομένην
300 3455 386 3526 ,εἶναι
406 3453 440 3522 τό
463 3461 584 3543 ἕτερον,
609 3455 630 3540 ἡ
651 3464 683 3522 ἓν
705 3457 744 3531 ὡς
767 3454 801 3522 όν
821 3453 901 3542 ἀμα,
922 3463 975 3524 καί
996 3457 1028 3522 ἀν
1049 3460 1089 3535 ὡς
1110 3469 1152 3540 ἓν,

58 3563 80 3650 ἡ
105 3565 142 3632 το
161 3555 399 3653 ’συναμφότερον
424 3563 519 3632 ένάν
540 3561 617 3630 αατά
640 3564 697 3651 τὴν
718 3566 783 3631 οἷον
805 3567 911 3648 κρᾶσιν
934 3565 991 3652 τὴν
1011 3567 1071 3652 πρό
1093 3575 1152 3633 τῶν

60 3677 241 3760 κιρναμένων
255 3679 282 3750 ¹)
304 3679 336 3740 ἐκ
356 3673 548 3759 διακρίσεως·
568 3669 644 3738 ὥστε
661 3676 712 3738 καί
735 3672 843 3740 οὐσίαν
862 3673 939 3738 εἶναι
955 3667 1017 3757 λίμα
1038 3679 1089 3741 ναί
1110 3684 1150 3742 έν.

56 3779 108 3858 Ὡς
128 3779 163 3846 δέ
184 3789 227 3862 έν,
248 3789 345 3847 εἰπεῖν
368 3779 463 3866 ὄνομα
484 3781 541 3848 οὖν
563 3786 676 3868 ἔχομεν,
696 3779 777 3864 πλὴν
798 3783 882 3858 εἴτις
897 3781 1048 3868 ἡνωμένον
1068 3786 1152 3861 εἴποι

128 3944 157 4008 7)
175 3939 253 3992 Mon.
272 3937 349 4009 μὴνισν
368 3937 405 3992 δὲ.
432 3967 465 3980 -
500 3934 531 4002 8)
550 3937 604 3990 ἀλλ’
625 3943 694 4009 τίπερ
713 3937 792 4010 ἄμφω
813 3939 888 3991 Mon·
908 3937 980 3992 Idem
1001 3943 1044 3993 καί
1063 3940 1092 3994 όν
1109 3947 1153 3995 καλ

63 4007 95 4060 έν.
130 4037 162 4048 -
199 4012 228 4078 9)
249 4008 348 4060 Ηιυιὼ.
362 4011 424 4060 ὀίον
442 4010 470 4062 δὲ
489 4010 586 4060 τοῦτον
603 4007 750 4078 ἡνωμένον,
768 4014 849 4061 ἐκεῖνο
868 4005 928 4060 οὔτε
945 4010 979 4062 έν.
1010 4012 1075 4064 Mox
1094 4013 1151 4085 lege

62 4075 77 4146 ἡ
98 4075 203 4131 ἀπλσῦν.

131 4149 157 4212 ι)
175 4145 274 4200 Ηοωλι.
294 4152 459 4218 κιρναμένων.
