2770 4840
254 288 326 358 254

252 469 302 550 τῷ
320 467 566 553 γιγνώσκοντι
589 469 609 556 ἢ
629 475 671 556 τῷ
697 475 937 559 γιγνωσκομέιηι,
958 474 1048 550 εἴτις
1063 474 1233 540 έθέλοικαλ
1249 477 1329 540 τοῦτο

251 588 475 658 προςαπαιτεῖν.

334 687 489 768 Λεγέσθω
507 691 611 752 τοίνυν
631 689 752 773 πριῦτον
772 688 839 773 μὲν,
860 686 940 755 αῦτό
959 685 995 756 τό
1016 689 1094 756 εἶναι
1114 693 1278 774 παρέχεται
1295 694 1330 772 τῷ

252 787 446 877 γιγνώσκοντι
465 793 486 878 ἡ
507 797 623 878 γνιῦσις.
661 793 719 860 Ἐν
739 796 791 880 μὲν
813 794 869 884 γώρ
889 801 930 881 τῷ
959 795 1132 883 γιγνώσκειν
1157 801 1218 884 ἔχει
1237 795 1275 862 τό
1293 795 1331 862 εί·

251 897 358 977 ναι,’ό
377 895 456 965 κατό
475 896 531 984 τόν
550 904 663 980 γνῶσιν
683 899 845 968 οῦσίωται·
867 905 920 968 καί
941 902 996 990 γὰρ
1019 906 1035 972 ὁ
1055 907 1127 982 νοῦς
1147 909 1177 971 ἐν
1190 907 1330 990 τ’ᾤινοεῐν,

254 998 329 1071 όόστε
348 1005 385 1072 τό
405 1015 487 1074 νοεῖν
507 1005 595 1083 οῦσία
614 1010 673 1075 τοῦ
691 1009 762 1089 νοῦ,
782 1013 834 1078 καί
854 1007 891 1076 τό
910 1007 966 1096 τὴν
985 1009 1089 1094 νόησιν
1100 1011 1331 1098 ἐναπεργαζόμε-

251 1137 305 1178 νον
324 1112 381 1200 τὴν
402 1114 506 1182 οῦσίαν
524 1115 653 1202 παράγει
677 1125 733 1184 τοῦ
762 1119 836 1184 νοῦ·
849 1143 851 1148 ·
863 1123 957 1188 τοῦτο
976 1119 1012 1186 δέ
1039 1125 1105 1186 ἐστι
1123 1117 1159 1186 τέ
1184 1116 1296 1206 νοητόν
1306 1122 1331 1202 ί)

252 1226 305 1290 καὶ
325 1221 467 1305 γνωστόν.

329 1328 461 1404 Ἔπειτα
482 1329 559 1398 κατὰ
578 1331 635 1418 τὴν
662 1330 904 1420 ἄνευοαρόθεσιν
934 1337 1044 1400 ἑαυτοῦ
1067 1335 1084 1400 ό
1104 1338 1176 1410 νοῦς
1203 1334 1280 1422 πρός
1304 1319 1334 1399 τό

251 1439 364 1526 νοητόν
396 1445 527 1524 ἐκφαίνει
562 1438 596 1506 τό
628 1444 660 1507 έν
687 1445 788 1525 ἐκείνῳ
814 1437 940 1528 νοητόν,
975 1447 1003 1507 εί
1029 1445 1081 1508 καί
1108 1437 1149 1526 μή
1175 1442 1332 1528 ῦφίστησιν

253 1549 293 1626 τός
313 1556 507 1634 προείπομεν.
549 1554 666 1635 Τρίτην,
684 1547 718 1615 όὲ
738 1553 787 1615 ἒπί
807 1546 928 1631 τούτοις
940 1547 1089 1634 ὠφέλειαν
1105 1549 1124 1635 ἦ
1143 1547 1251 1637 νόησις
1261 1575 1332 1633 παρ·

254 1660 352 1743 έχεται
372 1661 414 1742 τῷ
434 1659 575 1737 νοοῦντι,
596 1651 644 1722 Ιότι
663 1655 811 1722 είόοιτοιεῐ
836 1653 915 1723 κατὰ
933 1654 972 1724 τό
998 1658 1161 1740 νοούμενον
1189 1657 1245 1724 τόν
1266 1661 1334 1724 νοῦν

252 1767 303 1832 καί
322 1771 442 1851 ἵστησιν
462 1763 537 1830 αὐτό
554 1771 657 1850 ,τρίτον
676 1761 697 1846 ἢ
717 1763 857 1850 ὄειίτερον
877 1761 897 1850 ἢ
917 1760 1333 1850 όποστονοῦνπροεληλυθός

252 1876 284 1938 ἐν
303 1873 346 1956 τῷ
367 1871 440 1937 εἴδει
463 1876 523 1938 τοῦ
541 1871 775 1956 προαγαγόντος.
825 1875 931 1938 Τοῦτο
952 1872 1006 1957 μὲν
1026 1871 1065 1958 δὴ
1093 1875 1293 1956 σεμνότατον,
1311 1879 1333 1936 εἰ

253 1981 306 2046 καί
325 1976 365 2045 τό
390 1979 475 2046 αἴτια
500 1990 565 2055 τοῖς
593 1981 662 2044 τῶν·
677 1984 781 2045 αἰτίων
807 1979 902 2046 εἴδεσι
930 1991 1037 2064 κοσμεῖ
1063 1979 1176 2062 τρόπον
1205 1977 1259 2046 τόν
1289 1977 1335 2045 διὰ

199 2159 201 2164 ,
253 2085 397 2172 γνώσεως.
439 2093 480 2154 Εἰ
505 2085 538 2153 δὲ
563 2092 649 2174 χείρω
677 2083 717 2152 τοὶ
748 2081 866 2172 γνωστιλ
892 2085 1031 2171 τυγχόνει
1060 2085 1151 2164 ὄντα,
1181 2084 1258 2169 μετιί
1286 2087 1334 2172 μὲν

250 2201 443 2279 συμπαθείας
462 2197 516 2276 τῆς
535 2191 611 2278 πρός
631 2191 711 2260 αῦτιί
731 2199 788 2259 τοῦ
808 2190 1041 2279 γιγνώσκοντος,
1062 2193 1081 2279 ἦ
1102 2191 1180 2277 πρός
1192 2192 1227 2260 τό
1242 2207 1334 2280 χεῖρον

251 2302 436 2389 ιλρομοίωσις
456 2313 544 2368 κακοί
562 2296 600 2366 τό
620 2305 799 2387 γιγνώσκοι·
821 2306 850 2366 ελ
870 2300 904 2367 δὲ
925 2299 997 2368 όίνευ
1016 2301 1144 2378 πόθους
1159 2304 1188 2378 ⁵)
1209 2302 1231 2388 ἡ
1260 2307 1333 2386 γνῶ-
1377 2377 1378 2384 χ

252 2437 300 2486 σις
319 2415 380 2478 τιῦν
400 2410 561 2495 δευτέρων,
581 2407 604 2496 ἢ
624 2406 701 2486 ’όλως
720 2415 781 2475 τῶν
800 2407 958 2496 χειρόνων,
978 2407 1073 2475 ἄλλον
1092 2407 1207 2493 τρόπον
1225 2409 1334 2478 ἐπανό-
1377 2411 1378 2414 ’

252 2543 298 2606 γει
324 2515 399 2605 πρός
424 2515 464 2586 τό
488 2525 610 2603 κρείττω
643 2515 683 2583 τό
709 2524 796 2604 χείρω
823 2519 874 2583 καλ
903 2522 1047 2602 ἐντίθησι
1073 2521 1171 2584 ταῦτα
1198 2521 1332 2596 ἐκείνοις·

251 2627 364 2712 μᾶλλον
388 2627 421 2692 δὲ
448 2613 546 2694 ἐκεῖνα
574 2622 702 2712 προάγει
726 2623 801 2712 πρός
826 2632 984 2692 κοινωνίαν
1012 2631 1071 2692 νῦν
1097 2623 1242 2710 χειρόνων
1266 2628 1335 2694 κατιί

251 2731 309 2822 τὴν
328 2734 486 2822 προβολὴν
507 2738 561 2820 τῆς
581 2737 613 2800 ἓν
633 2739 669 2829 τῇ
690 2730 798 2814 γνώσει
819 2739 878 2799 τιῦν
896 2731 1037 2821 χειρόνων
1056 2733 1238 2810 είόοποιΐας.

335 2847 378 2908 Εἰ
398 2841 503 2907 δὲκαὶ
524 2839 560 2906 τό
582 2839 732 2925 ὠφέλιμον
752 2837 828 2908 αῦτό
851 2844 903 2906 καί
923 2838 957 2908 τό
981 2838 1106 2921 ἀγαθόν
1126 2845 1267 2927 ἐπιζητεῖ
1285 2870 1332 2920 τις,

223 2959 229 2974 “
251 2951 453 3034 ἐνθυμείσθω
471 2945 527 3034 τὴν
547 2947 669 3014 πόντων
688 2947 764 3034 πρός
785 2945 901 3032 ἄλληλα
922 2944 1045 3032 κλιέντης
1068 2951 1201 3032 γνώσεως
1230 2949 1332 3016 οίκειό-

216 3083 217 3090 “
252 3083 329 3142 τητα
350 3060 524 3144 γιγνομένην
543 3053 622 3122 κατίι
642 3052 694 3121 τόν
714 3051 881 3142 γνωρισμόν
901 3060 953 3140 τῦγς
972 3060 1074 3134 κοινῆς
1095 3063 1272 3141 συγγενείας,
1287 3059 1332 3122 καί

252 3165 299 3230 έτι
319 3161 379 3251 τήν
398 3167 517 3231 πόντων
536 3162 608 3231 όόόν
627 3163 704 3252 πρός
729 3163 782 3250 τὴν
807 3171 879 3248 μίαν
904 3159 997 3250 ἀρχὴν
1026 3165 1248 3249 στελλομένων,
1276 3166 1333 3232 οίον

251 3268 327 3358 πρός
357 3269 509 3358 τάγαθόν,
538 3277 572 3341 έν
592 3264 611 3368 ᾖ
632 3269 691 3358 την
719 3270 839 3357 τελώνην
868 3274 1117 3357 ἐπανορθοῦται,
1151 3275 1203 3340 καί
1233 3270 1332 3361 όόηγός

251 3385 441 3448 καθίσταται
461 3393 524 3458 τοῖς
542 3379 603 3447 ῦνω
632 3379 844 3465 στελλομένοις
871 3379 890 3463 ἡ
917 3383 1033 3466 γνώσις.
1073 3378 1160 3448 ’Ἐστι
1190 3377 1247 3466 γόρ
1275 3383 1331 3448 οἷον

248 3485 335 3572 όμμα
353 3492 582 3573 ιπροπομπεῦον
605 3489 658 3554 καί
683 3485 847 3572 ἡγεμονοῦν
865 3485 918 3569 τῆς
940 3485 1060 3570 ὀρέξεως
1076 3491 1123 3553 ἐπ’
1137 3491 1234 3555 ἐκεῖνο
1248 3515 1331 3556 σπευ-

251 3593 379 3680 δούσης,
398 3598 463 3677 φῶς
484 3585 660 3660 ῦνώπτουσα
690 3590 726 3659 τό
749 3601 867 3660 οἰκεῖον.
916 3592 975 3661 Διό
1000 3599 1070 3661 τῶν
1086 3590 1162 3680 πρός
1190 3595 1227 3661 τό
1253 3597 1331 3671 τέλος

249 3698 381 3786 ιἰγόντων
408 3705 471 3768 ἐστι
491 3699 526 3766 τό
550 3699 779 3786 ἀνυσιμώτατον
799 3699 819 3786 ἡ
838 3702 955 3785 γνῶσις.
999 3696 1067 3766 ”Eu
1085 3699 1119 3766 δὲ
1145 3701 1329 3768 είόοποιυῦοα

250 3805 288 3873 τό
306 3815 395 3892 χείρω
416 3805 492 3874 κατολ
508 3803 564 3894 τὴν
579 3804 756 3891 κρειττόνων
768 3803 930 3892 γνωστικὴν
945 3806 1116 3874 εἰδοποιίαν
1130 3807 1330 3894 ἐπιστρεπτικὴ

250 3922 382 4002 γίγνεται
405 3920 462 3981 τῶν
476 3914 719 3998 καταδεεστέρων
739 3921 782 3992 εἰς
800 3911 838 3979 τό
854 3921 977 4002 κρείττω
999 3920 1049 3981 καί
1069 3922 1112 3992 εἰς
1132 3911 1168 3980 τό
1181 3917 1328 3999 κράτιστον

319 4111 350 4175 4)
364 4077 461 4162 humb.
477 4111 529 4160 τῶν
544 4107 645 4174 νοητῶν
658 4109 700 4158 καὶ
712 4108 841 4176 γνωυτῦν.
864 4103 983 4158 Inferius
998 4105 1071 4159 Mon.
1083 4112 1178 4174 κοσμοῖ
1191 4102 1326 4176 τρόπαια-

251 4181 280 4247 5)
299 4181 375 4233 Mon.
393 4177 498 4246 πάγους.
