2770 4840
1091 317 1162 385 ²35

66 471 100 540 33
118 497 172 540 και
163 473 327 557 ζαντιιιὴ.Ι
341 478 394 562 Τηῦ
411 478 469 602 μὲν
488 475 552 563 ἀρα
570 481 706 544 233‘
670 482 747 547 αυτδ
770 489 995 574 συνυφεοτηκεν
1013 517 1035 576 η
1061 493 1161 578 οὐσία,

62 607 106 664 τῳ
90 578 162 644 33
182 577 260 668 πρὸς
280 587 383 667 ἕτερον
402 583 422 668 ἦ
444 587 566 668 γνῶσις,
587 614 631 670 τῳ
618 586 687 654 33
704 592 787 672 μέσῳ
807 619 860 686 και
854 592 953 660 0333
966 596 1044 680 πρδς
1058 606 1162 691 ἕτερον
1217 597 1219 602 ’

61 689 241 816 τεινομένῳ,
268 686 342 755 ούτε
361 694 481 755 καθ’ε
466 689 557 762 εαυτδ
586 693 782 780 ἀτρεμοῦντι,
808 700 829 784 3
857 707 931 784 παρ’
959 703 1037 772 αύτδ
1064 715 1159 779 τοῦτο

60 791 155 878 δύ’
121 819 160 858 το
182 796 280 879 ζητεῖν
302 797 354 861 καὶ
384 798 518 872 ζέεινῖ
487 825 566 864 εναι
581 799 737 888 λεγομένη
766 803 834 890 ζωή
879 814 976 902 Πῶς
979 811 1058 878 33
1043 839 1059 878 ο
1087 822 1161 896 νοῦς

1 921 3 925 “
60 909 179 986 τρίτος,
200 909 232 968 εῖ
257 903 312 988 μὲν
338 893 412 970 εἴδει
431 905 468 988 1ί)
498 907 575 973 κατὰ
602 913 713 993 γνῶσιν
739 912 902 996 ου’σίυται,
936 922 989 984 καί
1016 922 1052 987 τὸ
1077 937 1159 992 νοεῖν

59 1008 235 1088 γιγνώσκειν
263 1013 371 1092 ἐστὶν,
388 1007 435 1080 δτι
461 1016 513 1080 καὶ
539 1014 561 1143 3
592 1023 701 1096 γνῶσις
731 1016 943 1100 ἀντίθετος
922 1052 961 1110 ην
989 1029 1069 1114 πρὸς
1101 1029 1159 1117 τη“ν
1229 1017 1230 1022 ¹

60 1109 198 1201 ζωην,
176 1145 216 1194 ως
237 1145 363 1205 ειρηται.
405 1126 446 1186 E3
466 1120 557 1226 3310
578 1135 658 1190 νοεῖν
679 1127 731 1192 καὶ
750 1127 770 1212 3
791 1127 896 1258 νύησις
921 1131 1075 1204 έπάνοδον
1100 1165 1158 1228 ση-

59 1231 161 1308 μαίνει
179 1222 256 1308 πρὸς
276 1226 312 1294 τδ
336 1225 385 1306 δν,
413 1226 453 1304 ὠς
482 1207 600 1314 ἐλέγετο
628 1229 827 1368 πρύρθεν,
805 1264 827 1321 η
854 1237 888 1304 33
916 1239 1103 1323 ε’πάνσδος
1090 1276 1156 1314 em·

58 1328 177 1464 329033
198 1330 402 1420 ἀδιάκριτος,
429 1332 565 1422 δῆλον“
543 1365 628 1467 μπως
648 1343 698 1408 καί
719 1342 737 1408 3
758 1346 832 1420 νοῦς
852 1354 951 1431 τρίτος
979 1351 1057 1436 μετὰ
1078 1353 1156 1440 ζωήν

57 1463 91 1504 τε
111 1441 166 1504 καί
188 1439 313 1506 ούσίαν·
335 1432 416 1525 αῦτη
437 1442 491 1527 μέν
514 1443 573 1533 γὰρ
594 1445 819 1534 ἀπερίγραφος,
839 1479 857 1518 ο
847 1449 912 1518 ‘33
931 1462 1006 1535 νοῦς
1032 1461 1153 1548 περιγε-
1172 1477 1235 1533 3³8·

58 1571 241 1633 γραμμενυς,
261 1575 282 1632 η
276 1546 343 1614 33
364 1547 424 1634 ζωὴ
444 1555 539 1636 μέσην
565 1554 625 1638 ἔχει
644 1553 700 1640 τὴν
725 1557 881 1626 διάθεσιν.
926 1561 1053 1650 Ὁμοίοις
1081 1570 1152 1638 δε
1137 1597 1153 1638 ο
1142 1539 1235 1601 139·

55 1654 111 1737 μὲν
130 1659 205 1731 νοῦς
226 1653 468 1740 διανεκριμένος,
490 1658 592 1728 πολλὰ
612 1661 737 1748 ’γεγονώς
757 1663 876 1731 ἀνθ’
861 1664 927 1746 ενύς
947 1698 980 1737 τε
1000 1678 1052 1740 καί
1078 1705 1154 1809 ηνη·

54 1766 164 1844 μένου
185 1761 264 1848 333
294 1762 387 1830 ούσία
413 1764 575 1853 μονοειδὴς
602 1773 656 1836 καὶ
682 1765 916 1859 ἀδιάκριτος·
896 1803 918 1862 η
944 1779 979 1844 δὲ
1007 1781 1133 1870 ζονη
1098 1814 1153 1874 την

1 1883 3 1893 ¹
54 1873 152 1954 μέσην
171 1871 223 1935 καί
242 1866 359 1970 τούτων
380 1872 438 1956 ἔχει
459 1871 609 1940 διάθεσιν.

144 1975 300 2044 Οὐκοῦν
285 1980 337 2044 επὶ
356 1977 473 2109 τούτρις
495 1983 574 2058 15)’
559 1995 654 2050 ενεῖνο
675 1983 920 2072 προςδετέον,”
902 2018 984 2070 οπως
1002 1996 1079 2085 μονή
1100 2005 1151 2067 καί

52 2081 187 2210 πρόοδος
208 2086 260 2149 καὶ
281 2083 448 2173 ἐπιστροφὴ
470 2086 696 2178 ἀντιδιῄρηνται
712 2090 788 2176 πρδς
803 2095 997 2184 ἀλλήλας,·’
972 2128 992 2186 η
1016 2102 1052 2172 τὸ
1073 2105 1148 2175 3313

51 2191 122 2314 μὲν,
155 2196 184 2258 εί
204 2189 367 2279 λάβοιμεν,
399 2207 480 2279 τρεῖς
500 2199 563 2274 ἕξει
583 2201 675 2264 τοῦτο
704 2205 866 2330 ἐνεργείας·
894 2203 916 2291 ἢ
943 2206 1000 2296 γάρ
1027 2213 1152 2302 ἡσυχίαν

1 2297 2 2302 ¹
51 2293 137 2382 ἀγει,
158 2295 421 2386 ημεταβάλλεταί
450 2327 519 2368 τινα
546 2305 781 2431 333330333,
759 2337 780 2392 η
810 2309 949 2440 ὀρέγεται
978 2314 1073 2384 πάλιν
1098 2327 1151 2440 τῆς

50 2405 190 2490 ἡσυχίας.
227 2409 335 2472 Καὶ
326 2433 382 2531 γμρ
402 2407 438 2472 τὸ
467 2407 598 2494 στῦμαιῖ
617 2410 746 2490 ῦγιαίνει
773 2414 851 2482 κατὰ
872 2445 982 2502 φυσιν,
1009 2421 1095 2508 ἢεῖς
1113 2404 1148 2494 τδ

51 2510 137 2596 παρὰ
162 2513 258 2594 φύσιν
283 2511 449 2592 ὑπάγεται,
478 2543 499 2601 η
522 2523 566 2592 εις
586 2516 620 2582 τὰ
650 2519 728 2587 κατὰ
757 2519 849 2605 φύσιν
874 2518 1066 2616 έπανάγεται.
1109 2541 1152 2601 Εῖ

51 2619 84 2687 δὲ
116 2616 195 2702 πρὸς
220 2617 257 2686 τὸ
287 2619 363 2687 αύτά
399 2625 452 2690 καί
477 2629 510 2688 ἓν
544 2623 722 2712 ἒαλύβοιμεν
747 2627 783 2695 τὸ
816 2637 901 2720 τριχῆ
930 2635 1150 2724 διαιρούμενον,

50 2733 197 2815 ἐροῦμεν,
218 2726 240 2816 3
258 2741 395 2797 συνεῖναι
415 2730 516 2817 αὐτῷ,
537 2729 557 2807 3
577 2732 630 2800 ἀπ’
652 2737 753 2804 αὐτοῦ
775 2738 915 2823 ἀπιέναι,
934 2742 956 2830 3
975 2746 1051 2832 πρὸς
1070 2741 1150 2818 αύτύ

52 2841 221 2906 ἐπανιέναι.

129 2945 206 3012 Ἐπί
224 2941 344 3019 τούτοις
365 2939 404 3028 33
426 2946 569 3031 ζητητέον
587 2951 673 3032 περὶ
692 2953 759 3015 τοῦ
778 2959 920 3038 νοητοῦ
938 2961 1001 3026 καί
1020 2961 1234 3049 ποίντηθερ.

46 3051 257 3136 Ἡνωμένυυ
277 3055 442 3138 ῥηθέντος,
466 3055 496 3119 εἴ
513 3081 582 3120 τινα
602 3059 635 3120 ἒν
654 3061 754 3143 ἑαυτῷ
773 3057 923 3148 διάκρισιν
940 3069 999 3153 ἔχει
1019 3073 1072 3136 καὶ
1091 3053 1222 3152 τοί-,85
1259 3125 1262 3132 .

53 3164 99 3239 ξιν
119 3163 243 3248 προίτου
265 3163 316 3228 καὶ
336 3163 430 3244 μέσον
450 3164 501 3228 καί
521 3163 696 3232 τελευταίου
717 3167 936 3300 πληρώματος,
957 3177 989 3242 εἴ
1009 3203 1041 3242 τε
1063 3179 1105 3256 ὦς
1118 3181 1147 3254 ¹)

54 3277 99 3338 οῖ
108 3265 324 3352 Φιλύσοφοι
343 3269 541 3353 λέγουσιν,
509 3277 614 3346 ουοίας
631 3300 682 3338 και
674 3276 780 3401 ζωης
800 3279 851 3343 καὶ
869 3283 934 3360 νοῦ,
955 3283 1035 3348 εἴτε
1055 3286 1095 3364 ὡς
1117 3293 1147 3354 οί

58 3378 242 3460 Θεόλογοι
263 3373 352 3443 ἀλλον
372 3375 471 3454 ἄλλοις
499 3378 759 3464 πληθύοντες
723 3411 775 3458 τας
799 3385 910 3471 νοητάς
938 3388 1045 3474 ἀρχὰς,
1065 3397 1148 3461 εἴτε

52 3485 92 3560 ὥς
112 3489 143 3552 οῖ
165 3482 354 3550 Χαλδαῖοι
373 3481 519 3568 πατρικὰς
539 3483 705 3568 τριάδας’
685 3497 937 3618 ανευρημοῦντες.
965 3503 1006 3564 Εί
1026 3497 1060 3564 δε
1071 3499 1146 3584 μελ·

52 3593 155 3676 λοιμεν
175 3595 272 3657 ταῦτα
298 3590 490 3672 διατιθέναι,
519 3601 645 3680 μετρίως
666 3625 731 3673 ποις
737 3597 973 3688 ἀνακρουστέον
993 3604 1065 3691 ημῖν
1086 3597 1145 3672 αὗ-

123 3821 168 3878 ια)
187 3819 264 3872 Μου.
285 3816 351 3886 ἤδη,
369 3836 431 3872 mox
453 3819 518 3890 πρὸς
543 3819 608 3889 ζωὴν
631 3823 729 3876 omisso
753 3838 805 3880 εει.
831 3827 951 3897 τὴν.-
977 3831 1022 3900 15)
1046 3834 1146 3890 Hamh

52 3889 95 3940 λιτὶ
110 3889 202 3942 τοῦτο.
238 3889 312 3942 Mon.
331 3889 391 3940 finit
409 3893 548 3942 ἔπανίεται.

126 3959 248 4022 1)M0n.
272 3957 317 4011 hic
342 3970 368 4009 et
391 3969 452 4010 ante
485 3959 560 4012 Θεό).
581 3970 632 4012 εστ.
659 3964 686 4012 οῖ
707 3960 814 4019 omittit.
860 3963 933 4016 Idem
959 3966 1024 4036 ἄλλη
1051 3969 1144 4034 ἄλλοις.

52 4026 120 4079 Mox
131 4026 231 4080 Hamb.
250 4025 376 4098 πατρικὰς
393 4027 536 4099 διατρίδας.
553 4026 668 4082 Inferius
688 4031 761 4083 Mon.
777 4035 816 4113 τῷ
830 4037 915 4102 νοητῷ
932 4040 1023 4106 ἐκείνη.
1044 4041 1144 4097 Hamb

53 4095 90 4148 ad
106 4093 259 4150 iuiuumh.
271 4113 340 4180 ειη).
360 4097 396 4148 ad
414 4114 498 4168 marg.
515 4108 606 4182 αριστ·
629 4097 712 4168 ἆρχή,
734 4112 760 4152 et
776 4099 907 4158 inferius·
932 4109 1145 4180 θςοιρίνιπσλλοῦ

53 4166 100 4217 καί
115 4163 283 4232 πλήθους,
269 4186 311 4219 οτι
328 4165 395 4219 κατὰ
410 4173 479 4237 τρεῖς
495 4165 609 4237 τρόπους
626 4169 772 4236 λέγεται
743 4190 775 4221 τα
793 4171 884 4226 πολλά.
