2770 4840
232 283 302 344 2³2

232 462 266 526 τό
295 459 416 546 ἐρινεόν
439 463 496 528 ’καί
523 459 663 546 γνωστόν.
716 468 756 528 Εἰ
783 461 816 528 όὲ
838 461 854 530 ῦ
876 470 952 543 νοῦς
976 468 1029 534 καί
1061 467 1158 548 ἑαυτῷ
1188 455 1320 548 γνωστόν

232 569 285 632 καί
305 569 403 652 ἑαυτῷ
425 566 545 654 ὀρεκτόν
563 567 585 656 ἢ
605 567 712 646 ἄλλοις
731 581 796 644 τοῖς
814 578 881 655 μετ’
901 570 997 639 αῦτόν
1014 569 1035 657 ἢ
1052 569 1107 638 ἄπ’
1128 570 1221 636 αἰετοῦ
1240 595 1320 654 προ-

233 673 385 753 ελιίοῦσι,
415 682 446 742 τί
480 675 678 760 θαυμαστόν,
704 674 743 742 τά
772 678 827 762 μὲν
855 679 1074 766 καταδεέστερα
1103 682 1234 765 μετέχειν
1261 679 1322 742 τοῖιν

232 778 293 868 πρό
321 781 438 862 αὐτῶν,
468 781 506 848 οῦ
535 785 638 868 μέντοι
668 783 829 852 ἀνάπαλιν.
877 792 1058 872 ’Τοιγαροῦν
1086 785 1106 872 ἦ
1138 786 1192 869 μὲν
1229 767 1320 850 οὐσία

235 891 293 957 σῦκ
314 895 380 956 ἐστί
400 893 489 968 νοῦς,
513 891 528 958 ό
551 891 585 958 δὲ
605 895 677 968 νοῦς
696 896 747 960 καί
768 895 860 962 οὐσία
880 897 932 962 ιιαί
951 897 1036 974 νοῦς,
1061 892 1140 960 ἄλλό
1158 895 1249 958 τοῦτο
1270 892 1323 975 μὲν

234 1001 311 1065 καθ’
331 993 474 1084 ῦπαρξιν,
495 1003 590 1065 ἐκεῖνο
612 999 646 1066 δὲ
666 996 744 1066 κατά
763 1005 903 1086 μέθεξιν·
926 993 945 1094 ᾗ
966 1002 1020 1084 μὲν
1042 999 1103 1086 ἄρα
1124 999 1227 1079 οὐσία,
1248 1026 1324 1084 γνω-

236 1103 325 1182 στὸν,
344 1105 395 1170 καί
416 1103 519 1178 όνοῦς
541 1100 618 1170 κατά
638 1107 765 1186 μέθεξιν
784 1103 845 1190 άρα
866 1108 1012 1192 γνωστόν·
1035 1098 1053 1198 ᾗ
1074 1103 1108 1170 όέ
1128 1109 1216 1184 νοῦς,
1247 1130 1323 1189 γνω-
1375 1109 1376 1150 3

237 1209 355 1289 στενός,
375 1213 452 1275 καθ’
472 1199 603 1296 ῦπαρξιν
623 1208 683 1295 άρα
704 1216 850 1288 τοιοῦτος.
900 1209 987 1298 Πρός
1007 1212 1061 1295 μὲν
1083 1202 1139 1306 οῦν
1159 1211 1214 1294 τόν
1242 1209 1325 1276 οἷπο-

237 1322 304 1404 ρίαν
326 1317 414 1383 ἰκανόι
435 1319 488 1382 καί
510 1323 616 1382 ταῦτα.
890 1327 895 1337 “

323 1421 409 1509 Τάχα
428 1423 457 1488 δ’
478 1421 516 1490 άν
536 1450 584 1499 τις
604 1424 655 1489 καί
673 1421 731 1510 τήν
752 1422 856 1490 οῦσίαν
886 1425 1042 1490 ῦποιίοἰτο
1073 1422 1256 1508 γνωστικὴν,
1270 1426 1323 1488 εἴ·

149 1547 211 1604 pag·
235 1555 292 1617 περ
317 1529 420 1596 πάντα
443 1531 508 1597 ἐστὶ
533 1526 611 1595 κατά
641 1527 696 1614 τὴν
729 1535 842 1596 οἰκείαν
876 1537 1059 1618 συναίρεσιν,
1087 1529 1155 1596 ἀλλ’
1182 1529 1223 1596 οῦ
1251 1527 1326 1598 ιιατόι
1353 1523 1376 1548 ”

158 1609 346 1726 140’γνοῦσιν
365 1636 421 1723 τήν
440 1636 654 1726 ῦιωρισμίνιγν·
678 1627 757 1704 οῦτω
778 1634 835 1724 γάρ
855 1641 906 1704 καί
927 1635 1076 1723 γνωστόν,
1106 1631 1154 1704 ότι
1174 1640 1227 1704 καί
1248 1665 1323 1726 γνω-

238 1743 325 1822 στόν,
348 1744 417 1813 ἄλλ’
438 1744 688 1830 οἰόιορίστωςιιαί
713 1749 745 1810 ἐν
771 1750 815 1829 τῷ
844 1743 920 1827 πρός
940 1752 1040 1831 ἕτερον
1061 1744 1195 1831 ἇσχέτιγ,
1212 1751 1276 1824 ,τοῦ
1292 1745 1323 1810 δὲ
1375 1827 1376 1832 ¹

235 1858 292 1920 νοῦ
318 1849 530 1939 προελθόντος
557 1851 613 1920 ἀπ’
643 1850 737 1934 αῦτῆς
757 1853 808 1918 καί
829 1855 957 1936 σχέσεως
977 1856 1170 1938 ἐγγενομένης
1197 1849 1260 1935 πρό
1275 1855 1321 1927 2ἰ)

235 1958 336 2028 αὐτοῦ
365 1955 447 2035 τινός
485 1959 524 2034 ὥς
562 1963 663 2025 αἰτίου
696 1957 773 2042 πρός
804 1956 959 2037 αἰτιατόν,
993 1955 1098 2042 ἐπειδὴ
1123 1955 1172 2048 τόΙ
1188 1959 1324 2026 αἰτιατόν

234 2065 330 2152 ἐφάνη
352 2065 512 2152 γνωστικόν
534 2063 709 2151 γενόμενον,
729 2067 781 2130 καί
801 2061 820 2148 ἦ
843 2063 931 2130 οὐσία
952 2061 1083 2148 γνωστόν
1108 2091 1138 2130 τε
1164 2064 1323 2151 προῦβάλ

235 2175 304 2241 λετο
335 2176 495 2249 τοσοῦτον,
527 2167 599 2239 όσσν
618 2169 654 2238 τό
675 2173 730 2258 τῆς
757 2174 890 2269 σχέσεως
908 2171 1016 2256 ἰδίωμα
1045 2170 1200 2258 πρόεφόνη
1221 2178 1265 2258 τῷ
1284 2179 1324 2257 νῷ
1375 2193 1376 2286 χ

236 2277 526 2383 οἷντιόιαιροόμενον.
549 2281 695 2346 Τοσαῦτα
709 2276 785 2366 πρὸς
798 2276 833 2344 τό
851 2276 951 2362 παρόν
965 2278 1102 2362 εἰρήσθω
1116 2282 1184 2362 περὶ
1198 2278 1321 2349 τοῦτον.

149 2383 223 2530 ΟΒᾶΡ·
311 2386 468 2457 ’Ένατον
496 2393 601 2454 τοίνυν
625 2383 748 2454 άνωθεν
775 2376 812 2468 ἦν
839 2389 901 2452 τῶν
929 2386 1200 2472 προβεβλημένων,
1228 2395 1262 2454 εἰ
1279 2385 1323 2452 τά

185 2477 215 2531 2·

237 2498 335 2568 κατά
356 2500 487 2586 σχέσιν
506 2499 705 2582 ὑφεστῶτα
726 2496 1060 2581 ἐντισυνίστησιν
1081 2494 1243 2582 άλλογλα,
1263 2498 1323 2571 πῶς

237 2605 305 2692 οῦχί
324 2605 427 2693 δράσει
445 2633 477 2673 τι
498 2606 550 2672 καί
569 2599 606 2670 τό
628 2604 764 2672 αἰτιατόν
778 2605 806 2680 ¹)
828 2610 870 2680 εἰς
890 2600 927 2670 τό
947 2605 1130 2683 αἴτιον,καί
1149 2603 1184 2668 τό
1205 2600 1324 2686 όρειιτόν

233 2720 278 2790 εἰς
297 2710 332 2781 τό
356 2711 522 2800 ὀρεκτικόν,
543 2713 595 2778 καί
615 2710 655 2796 δὴ
678 2713 728 2777 καί
749 2706 784 2776 τό
806 2714 970 2797 γιγνῶσκον
991 2717 1038 2787 εἰς
1058 2706 1095 2776 τό
1124 2711 1322 2799 γιγνωσκόμε-

236 2845 307 2907 νονγ
333 2823 398 2886 Καί
418 2818 473 2906 γάρ
494 2825 522 2887 εἰ
541 2823 671 2906 ἐνεργείᾳ
699 2824 813 2900 γίνεται
840 2808 904 2902 όμα
931 2820 1085 2902 ἑκάτερον,
1110 2825 1234 2884 καίτοι
1263 2821 1324 2894 πῶς
1375 2827 1376 2910 ί

238 2927 356 2995 οἷόντε
375 2927 411 2994 τό
432 2924 569 2994 αἰτιατόν
590 2933 634 3004 εἰς
653 2924 687 2992 τό
710 2928 808 2994 αἴτιον
827 2924 921 3012 όρᾷνς
936 2925 1009 2995 Ἐπί
1026 2927 1081 3010 μὲν
1103 2922 1161 3011 γάρ,
1179 2930 1241 2992 τῶν
1256 2928 1323 3010 ὃμο·
1375 2937 1376 2940 ’

237 3039 339 3120 ταγεῖν
365 3030 440 3120 τάχα
467 3031 505 3100 ἐν
532 3035 579 3120 εἰη
606 3037 697 3099 τοῦτο
728 3032 864 3118 ἀληθὲς,
899 3039 951 3100 καί
976 3059 1022 3100 τοι
1053 3034 1107 3098 καί
1130 3035 1182 3099 ἐπί
1211 3031 1324 3100 τούτων

236 3139 417 3226 ἀπορήσειεν
437 3139 474 3208 όν
494 3169 557 3221 τις,
578 3147 605 3208 εἰ
625 3138 662 3207 τό
679 3137 719 3224 μὴ
747 3137 912 3226 ἁπτόμενον
938 3140 995 3229 δρᾷ
1023 3168 1053 3206 τι
1082 3145 1125 3214 εἰς
1154 3144 1267 3222 ἐκεῖνο,
1294 3139 1326 3207 οῦ

235 3246 278 3336 μὴ
303 3239 446 3330 άπτεται,
475 3249 558 3336 αῦτρῦ
584 3246 665 3334 μόνῳ
690 3253 734 3334 τῷ
760 3248 942 3334 πλησιασμῷ
970 3252 1024 3331 τῆς
1045 3251 1185 3334 σχέσεως,
1217 3251 1271 3316 καί
1291 3243 1323 3314 τό

235 3353 351 3444 πάσχον
365 3358 418 3424 ὑπ’
430 3361 542 3424 ἐκείνου
554 3357 649 3444 μηδὲν
665 3353 743 3422 αῦτό
756 3353 947 3443 μεταβάλλον
960 3340 1040 3439 όμως
1052 3357 1173 3436 λέγεται
1187 3355 1325 3444 πάσχοις

234 3460 256 3548 ἢ
275 3459 313 3528 τά
334 3462 388 3546 μὲν
405 3461 611 3550 πλησιάζοντα
627 3461 649 3549 ἢ
667 3460 850 3550 χωριζόμενα
870 3458 923 3530 τόν
942 3456 1019 3547 ἰίλης
1039 3465 1136 3549 ἐπέχει
1163 3462 1273 3544 λόγον,
1291 3462 1324 3528 τό
1375 3521 1376 3528 ,

236 3567 271 3634 δὲ
291 3567 372 3644 είόος
395 3566 496 3643 εῦθῦς
523 3564 695 3654 ἐπιλάμπει
713 3575 766 3654 τῆς
792 3565 976 3656 σχόσεως,ι’γ’
1004 3593 1050 3634 τοι
1072 3569 1183 3654 ι’ριφοίν
1216 3566 1241 3654 ἢ
1270 3581 1323 3634 τοῦ

236 3679 342 3764 ἐτέρου
363 3675 540 3760 προςιόντος
564 3674 587 3761 ἢ
611 3674 765 3754 ἐπιόντος.
806 3679 873 3746 Καί
901 3673 969 3763 γάρ,
985 3665 1139 3754 συνιόντες
1166 3674 1323 3762 ἅνθρωποι

228 3786 415 3871 σιγγχάνσυσί
434 3809 516 3860 τινος
537 3783 677 3868 ῦριθμοῦ
696 3787 815 3878 ἔξωθεν
840 3789 1068 3870 ἐπιγενομένου,
1088 3788 1141 3852 καί
1162 3785 1180 3866 ἧ
1201 3797 1321 3852 κοπεῖσα

235 3899 290 3976 μία
311 3890 427 3978 ῥάβδος
447 3897 490 3968 εἰς
510 3888 581 3968 ῦῦο,
594 3891 715 3968 ’δυάδος
735 3896 873 3979 μετέσχεν
893 3891 962 3958 ῦντί
982 3890 1120 3977 μονάδος.
1154 3899 1261 3958 Ταῦτα
1272 3891 1319 3978 μὲν

221 4076 224 4088 v
307 4045 354 4115 ²8)
373 4045 447 4101 Mon.
467 4048 532 4118 πρὸς
549 4047 630 4100 αὐτόν
646 4068 725 4108 τινος.

306 4119 332 4179 1)
360 4117 435 4169 Mon.
463 4121 507 4169 καί
526 4115 559 4169 τὸ
586 4115 717 4181 αἰτιατόν,
741 4120 841 4182 αἴτιον,
865 4117 965 4169 omisso
991 4119 1027 4177 εἰς
1050 4115 1090 4168 τὸ.
1134 4117 1171 4168 Et
1195 4115 1266 4168 infra
1287 4116 1317 4170 τίς

241 4189 306 4256 (pro
325 4187 367 4252 εἰ)
385 4187 417 4238 τὸ
434 4185 471 4255 μῆ
494 4184 640 4264 ἁπτόμενον
657 4184 717 4256 δρᾷ.
753 4185 873 4256 Denique
903 4187 949 4237 τὸν
967 4187 1013 4252 τῆς
1030 4183 1094 4250 ῦίης
1110 4184 1197 4254 ὑπέχει
1213 4189 1237 4238 ἰ.
