2770 4840
263 233 333 298 ΜΟ

260 412 280 498 ἢ
301 415 467 500 ἐπιστροφὴ
495 417 549 482 ιοό
580 413 789 502 προελθόντος
816 421 915 504 ἐοτόνς
941 415 964 504 ἢ
992 422 1044 486 καλ
1070 419 1107 486 τὸ
1132 425 1269 508 προϊέναι
1287 427 1331 490 καὶ
1369 497 1373 502 ,

261 520 298 588 τό
321 524 439 606 μένειν,
455 521 532 588 αὐτὸ
555 522 611 608 γὰρ
631 522 671 609 δὴ
692 528 780 608 μένον
800 551 833 592 τε
848 523 1041 614 προελήλυθε
1061 530 1113 594 καὶ
1126 534 1224 615 μέσως
1237 531 1262 614 3)
1282 535 1332 616 ἔχει

260 631 318 694 τοῦ
336 629 584 714 προεληλυθέναι
604 631 656 697 καὶ
675 634 773 715 μένειν
794 631 850 719 τὴν
869 631 1013 720 πρόοδον·
1045 627 1122 710 ’όλοις
1143 636 1198 722 γὰρ
1217 641 1248 703 ἒν
1275 638 1333 701 διο-

260 741 354 822 ρισμηῖ
373 735 410 802 τό
431 744 499 822 τρία
529 736 606 825 πρὸς
632 736 770 826 ἄλληλα,
799 740 838 818 ὡς
860 743 976 827 εἴρηται
1005 738 1161 820 πολλάκις.
1202 743 1257 811 Ἐν
1282 741 1334 828 όρο

241 829 302 929 Ιτηλ
322 843 518 932 διωρισμένην
538 849 635 931 ἔχοντι
655 845 712 932 την
733 847 839 915 οὐσίαν
860 851 924 915 ἐστὶ
944 847 981 915 τό
1002 856 1089 934 τρία,
1107 853 1201 917 τοῦτο
1222 851 1259 916 δέ
1277 855 1333 918 ἐστι

259 947 295 1018 τό
314 949 546 1040 προεληλυθός·
570 950 607 1020 τδ
628 953 661 1020 δὲ
682 951 732 1036 όν,
754 952 868 1021 σῦκόν
889 956 1007 1042 λέγοιτο
1027 959 1127 1040 μένειν
1148 961 1278 1038 εἰκότως,
1290 953 1333 1046 όηε

240 1073 243 1078 ’
256 1060 334 1146 μηδὲ
354 1061 471 1148 πρόεισι
491 1063 542 1128 καλ
562 1066 593 1128 ἓν
616 1054 640 1149 ᾧ
660 1062 754 1148 μηδὲν
783 1059 956 1150 διώρισται,
991 1053 1067 1131 όλστε
1096 1064 1169 1132 οὐδὲ
1197 1066 1275 1154 μονὴ
1306 1071 1334 1132 έν

259 1168 340 1255 αὐτῷ
367 1161 408 1247 όός
438 1197 468 1236 τι
496 1169 696 1256 διωρισμένον.
743 1168 855 1247 ’Άλλως
881 1171 914 1238 δὲ
942 1169 1085 1256 οἷκένητον
1110 1172 1230 1257 λέγεται
1260 1175 1333 1255 ὦςλ)

257 1275 428 1362 δδιάκριτον
448 1276 545 1364 πάντη
565 1281 617 1344 καλ
644 1279 796 1364 ἡνωμένον
821 1281 871 1344 καὶ
901 1275 937 1344 όν
961 1283 1051 1364 μένον
1078 1285 1110 1346 ἒν
1137 1283 1176 1369 τῇ
1200 1285 1256 1349 καλ
1282 1281 1334 1367 πρδ

257 1381 376 1450 πάντων
396 1384 534 1469 ιἰπροόδῳ
556 1383 655 1468 φύσει.
700 1380 789 1454 Ολλτω
813 1385 847 1452 δέ
868 1384 942 1452 οὐδὲ
962 1387 982 1474 ἡ
1004 1385 1148 1473 λεγομένη
1170 1389 1230 1476 ζωὴ
1246 1389 1336 1476 μσνλην

257 1494 315 1581 ἔχει
334 1489 357 1579 ἢ
376 1489 509 1580 πρόοδον
529 1489 550 1578 ἢ
568 1493 755 1581 ἐπιστροφὴν
774 1498 807 1560 έν
827 1494 973 1582 διακρίσει
999 1499 1232 1581 θεωρουμένας,
1262 1493 1334 1564 ἆλλδ

257 1600 311 1677 τὰς
329 1605 360 1668 έν
381 1607 423 1686 ιη’)
444 1599 653 1685 διακρίνεσθαι
671 1605 717 1667 ἔτι
736 1601 985 1686 ὑποφαινομένας.
1022 1599 1178 1670 Ἐοίκασιν
1190 1602 1255 1690 όροι
1269 1590 1334 1673 συν-

256 1719 334 1776 εῖναι
353 1707 500 1795 ἀλλήλοις
520 1714 553 1774 αἱ
573 1720 666 1791 τρεῖς,
686 1712 719 1774 ἒν
738 1707 791 1792 μέν
812 1712 854 1794 τῷ
872 1709 1013 1792 ἡνωμένη
1033 1708 1112 1776 κατὰ
1132 1717 1238 1778 ένωοιν
1253 1709 1334 1778 ἆδιά-

256 1841 372 1902 κριτον,
393 1821 424 1882 ἐν
444 1815 478 1882 δέ
497 1820 542 1901 τηῖ
561 1815 771 1903 διακεκριμένη
785 1815 810 1898 ⁵)
831 1815 908 1882 κατὰ
933 1813 1088 1904 διορισμόν
1118 1843 1186 1884 τινα
1214 1823 1270 1885 καὶ
1286 1819 1334 1886 ἄν·

255 1923 430 2005 τιδιαίρεοιν
449 1921 508 2010 η”δη
537 1922 799 2010 προβεβλημένην,
826 1926 858 1988 έν
879 1922 913 1987 δέ
933 1926 978 2008 τηῖ
1003 1928 1083 2008 μέσῳ
1110 1924 1205 2009 δῆλον
1232 1920 1335 1994 ὅτιτὸ

255 2029 384 2116 μεταξὺ,
406 2025 443 2096 τό
464 2056 527 2105 πως
553 2029 607 2113 μέν
635 2027 731 2108 εἶναι,
762 2025 827 2104 πός
852 2026 885 2094 δὲ
911 2027 952 2113 μὴ
981 2027 1075 2109 εἶναι,
1103 2029 1337 2117 διωρισμέναςῆ

255 2139 454 2226 ἇδιορίστους,
490 2135 569 2202 Ἀλλ’
591 2130 609 2204 ό
629 2163 661 2202 τι
681 2137 735 2222 μὲν
757 2140 789 2202 έν
809 2139 853 2220 tq}
873 2134 1064 2220 προελθόντι
1084 2143 1220 2222 αῑιτρεῖς
1246 2135 1335 2216 οὕτως

255 2249 332 2314 εἶσλκ
352 2246 392 2323 ὡς
411 2244 634 2329 διακεκριμέναι
653 2249 719 2310 κατ’
741 2244 839 2323 εἶδος,
860 2247 893 2310 ἐκ
914 2246 1030 2309 τούτοιν
1050 2244 1190 2332 φανερόν.

342 2361 382 2420 Τι’
401 2353 450 2433 δέ,
478 2351 520 2418 τὸ
549 2349 589 2418 όν
620 2351 674 2418 οὒκ
700 2355 940 2437 ἐπεστραμμένου
968 2354 1031 2418 ε’στδ
1059 2352 1137 2436 πρός
1164 2351 1259 2420 ἑαυτό
1287 2353 1334 2417 καλ

223 2530 230 2540 ,
253 2460 508 2541 αὖθυπόστατον,
528 2459 604 2527 αὐτὸ
618 2461 646 2543 ⁶)
668 2459 722 2544 ἀφ’
743 2463 858 2526 ἑαυτοῦ
871 2457 978 2547 προϊὸν
998 2462 1050 2525 καὶ
1070 2463 1103 2524 έν
1118 2463 1215 2544 ἑαυτῷ
1230 2463 1333 2544 μένοις

252 2568 275 2655 ἢ
294 2567 474 2653 φαντάζεται
494 2568 547 2654 μέν
567 2569 644 2635 εἶναι
664 2571 803 2636 τοιοῦτον
822 2569 893 2653 ἡμῖν
913 2581 976 2644 τοῖς
1000 2571 1067 2656 περὶ
1088 2566 1144 2650 τόν
1172 2576 1247 2653 μίαν
1277 2568 1333 2636 αό-

251 2681 308 2743 τοιλ
328 2675 487 2763 ἁπλότητα
516 2679 731 2765 μεριζομένοις,
759 2675 834 2743 αὐτὸ
861 2675 894 2742 δὲ
923 2668 1001 2751 όλως
1029 2675 1115 2742 οὐδέν
1138 2678 1192 2762 μέν
1219 2675 1333 2746 τούτων

252 2787 334 2866 ἐστὶ,
350 2783 413 2870 την
440 2785 474 2852 δὲ
504 2792 576 2868 μίαν
606 2788 665 2850 τῶν
695 2787 785 2870 τριῶν
814 2781 912 2870 εἴληχε
942 2789 1113 2863 κοινωνίαν,
1143 2787 1194 2850 καὶ
1221 2782 1333 2870 ταύτην

251 2895 354 2977 μέντοι
375 2895 579 2986 συνηρημένην
598 2895 633 2958 Ιἐν
654 2895 692 2984 τῇ
713 2885 768 2985 όλη
789 2897 928 2976 κοινωνίη
948 2894 1010 2957 τῶν
1036 2889 1172 2958 πόντων·
1201 2896 1255 2960 καὶ
1279 2893 1331 2979 γὰρ

253 2999 316 3066 ἔδει
350 2997 447 3076 ἷλλλως
475 2997 511 3069 τό
539 3005 605 3065 κατ’
635 2998 819 3084 ἐπιστροφήν
847 3024 915 3065 τινα
941 2996 975 3066 δν
995 2995 1016 3082 ἢ
1034 2996 1168 3083 πρόοδον
1188 2996 1208 3086 ἢ
1228 2997 1331 3086 μονήν,
1355 2985 1358 2992 ¹

171 3135 233 3192 pag.
253 3104 328 3172 αὐτὸ
349 3104 445 3193 μόνην
465 3107 544 3172 εἶναι
564 3106 670 3182 ἁπλοῖς
690 3110 770 3172 ἐστι·
791 3105 904 3172 τούτων
925 3104 981 3194 γὰρ
1002 3112 1127 3172 ἕκαστον
1148 3106 1205 3194 οόχ
1231 3109 1331 3183 ἆπλῶς

172 3197 230 3250 '⁴4⁷'
251 3219 347 3295 ἐστιν,
369 3212 443 3281 όλλόι
461 3214 561 3281 τοιόνδε
583 3213 672 3282 οὐσία
692 3218 825 3298 μένουσα
844 3207 934 3299 τυχόν
953 3210 976 3296 ἢ
994 3216 1146 3298 προϊοῦσα
1162 3211 1330 3299 ἢέπιστρέ-

246 3348 348 3406 φσυσα
374 3325 426 3388 καδ
447 3317 483 3388 τό
513 3317 585 3388 όλον
614 3320 709 3404 φόνοι
742 3320 933 3405 διωρισμένη.
969 3310 1024 3385 Ὧι
1051 3317 1146 3399 δῆλον
1170 3311 1219 3388 ότι
1240 3327 1271 3388 ἓν
1288 3320 1329 3408 τῷ

247 3425 435 3516 προελθόντι
455 3431 536 3496 ἐστὶν
555 3428 574 3514 ἦ
598 3428 684 3496 οὖσίοι
704 3428 754 3495 καὶ
774 3428 794 3512 ἡ
816 3426 875 3512 ζων)
898 3427 988 3514 καλή
1011 3429 1133 3512 γνῶσις,
1161 3433 1230 3514 αἵγε
1258 3428 1330 3494 κατὰ

250 3539 394 3627 διαίρεσιν
405 3537 682 3622 ἆντιδιεσταλμέναι
693 3536 767 3625 πρὸς
776 3534 925 3621 ἇλληλσς·
937 3563 958 3620 η
970 3533 1003 3599 δὲ
1017 3537 1093 3621 μέση
1106 3531 1196 3618 φύσις
1207 3533 1290 3603 οόπω
1300 3564 1331 3604 τι

250 3648 376 3726 τούτων,
392 3643 459 3712 οὔτε
474 3644 573 3725 οὐσία,
589 3643 659 3712 οότε
676 3644 747 3730 ζωὴ,
761 3641 828 3710 οὔτε
846 3649 964 3729 γνῶσις,
977 3640 1044 3708 ἀλλ’
1057 3640 1119 3728 ἤδη
1131 3639 1247 3710 τούτων
1262 3642 1328 3720 εἶδές

250 3781 296 3831 τις
315 3756 368 3820 καλ
389 3755 540 3837 προκοπή·
570 3755 602 3820 έν
622 3751 656 3818 δὲ
675 3757 717 3838 τῷ
737 3753 912 3839 καλουμένῳ
935 3747 1013 3818 ἰόντι
1032 3749 1108 3818 οὐδὲ
1125 3747 1326 3835 ὕπόφασιςλ).

317 3935 347 4002 3)
367 3935 441 3988 Mon.
459 3939 548 4004 μέσην.
567 3939 646 3996 -4)
665 3934 739 3985 Mon.
759 3931 792 3992 ὡς
809 3949 861 3984 om.
880 3961 912 3971 -
931 3930 961 3995 5)
985 3929 1059 3983 Mon.
1083 3932 1109 3980 ἐν
1133 3929 1162 3981 δὲ
1187 3929 1220 3982 τό
1243 3931 1326 3983 διακε-

250 4009 377 4075 κριμένον.
399 4033 433 4046 -
453 4007 484 4069 6)
505 4004 580 4056 Mon.
608 4000 673 4054 οὔτὸ
693 4022 721 4054 τε
743 4003 794 4071 πρὸ
811 4003 901 4056 ἑαυτοῦ
921 4021 1031 4072 πρ.....
1051 3997 1113 4069 ἡμῖν
1136 3999 1183 4065 τῆς
1210 4005 1273 4073 περὶ.
1293 4029 1323 4039 -

249 4129 277 4189 7)
296 4123 431 4192 δπόφασις.
458 4123 530 4175 Mon.
550 4137 680 4189 υποηαοις
696 4121 745 4172 εἰσ.
765 4119 861 4173 Ηωιιλι.
